1924 3157
764 139 815 173 DE
855 140 997 175 LAUDA
1038 141 1204 176 nlleA.

158 219 258 247 nos:
294 209 385 253 Quis
410 219 475 245 nos
509 209 699 256 separabit
724 220 747 246 a
785 212 944 247 caritate

157 257 321 294 christi?
342 258 562 297 Tribunicio,
577 269 624 293 an
639 260 828 303 anqustia,
840 263 911 295 etc.
924 259 942 294 ⁸?

157 305 237 341 Non
261 303 353 340 dixit
377 317 384 340 :
413 305 596 352 pecuniae,
617 306 672 342 vel
708 305 862 349 divitiae,
884 306 941 342 vel

154 351 413 398 pulchritudo,
441 354 520 390 liaec
541 352 642 389 enim
664 353 772 389 valde
801 353 888 390 vilia
907 357 943 389 et

155 398 383 445 derisibilia;
409 401 489 446 sed,
509 411 592 447 qnae
616 400 843 438 videbantur
863 411 943 437 esse

155 447 439 495 gravia,posuit
458 459 466 484 ε
491 448 621 493 sames,
643 450 940 495 persecutiones,

1733 144 1795 177 279

1017 215 1181 257 mortes;
1205 213 1342 251 deinde
1363 214 1426 252 ille
1452 215 1604 262 quidem
1639 219 1677 252 et
1698 216 1795 263 haec,

1019 266 1057 294 ut
1079 260 1169 296 niliil
1196 262 1395 299 existentia
1424 262 1581 310 exspuit.
1604 263 1691 300 Haec
1724 262 1794 311 igi-

1018 310 1077 343 tur
1103 308 1232 344 omnia
1260 310 1532 356 excogitantes,
1554 314 1592 348 et
1623 311 1795 357 volupta-

1018 358 1090 390 tem
1106 355 1285 402 volnptati
1308 363 1587 405 comparantes,
1612 358 1796 405 eligamus

1019 403 1271 456 quaemeligwa
1292 409 1394 450 sunt,
1415 410 1453 442 ut
1486 410 1523 442 et
1544 406 1678 443 l'uturis
1698 407 1796 444 trua-

1019 459 1103 486 mur
1125 451 1232 487 bonis
1259 463 1267 487 z
1289 467 1306 484 n
1332 453 1413 489 liaec
1434 455 1722 499 Chmssostomus.

877 588 1050 625 ORATIO

201 708 294 744 ,lesu
314 706 473 754 largitor
506 707 692 744 donorum
727 706 911 751 omnium,
943 705 1061 753 quiin
1088 705 1188 754 ignis
1207 707 1331 753 specie
1352 718 1466 754 super
1484 709 1690 756 discipulos
1712 713 1797 747 tuos

155 754 290 792 misisti
312 755 492 801 Spiritum
509 755 708 799 Sanctum,
728 765 866 802 precor
883 759 920 791 et
944 755 1115 799 obsecro,
1137 753 1321 802 piissime,
1342 759 1382 792 ut
1397 757 1478 792 haec
1499 756 1601 793 dona
1623 768 1706 803 qnae
1727 756 1792 794 di—

153 802 286 850 scipuli
307 802 360 839 tui
398 803 442 838 (le
478 806 543 839 tua
579 808 825 849 sumpserunt
851 801 1043 847 largitate,
1076 802 1164 838 licet
1190 802 1366 849 indignus
1390 814 1537 841 sumam
1557 804 1605 840 ad
1636 804 1793 841 salutem

154 860 291 891 meam,
318 853 352 886 te
374 849 582 896 largiente;
603 854 638 886 et
658 850 768 887 mitte
800 860 913 897 super
934 860 1004 886 nos
1025 860 1154 886 servos
1174 853 1257 886 tuos
1291 850 1470 897 Spiritum
1501 857 1576 888 tuae
1609 851 1793 898 caritatis,

153 897 381 942 dilectionis,
406 902 442 934 et
464 897 578 943 pacis,
605 900 667 944 qui
691 898 804 934 corda
826 901 957 934 nostra
978 897 1113 939 visitet,
1136 908 1158 934 a
1184 898 1284 935 vitiis
1306 902 1456 946 purget,
1493 899 1695 936 wirtutihus
1716 899 1798 937 illu-

153 948 261 989 stret,
290 947 325 982 in
360 945 508 982 vinculo
539 945 755 982 dilectionis
790 945 993 992 astringat,
1017 945 1160 982 lumine
1199 949 1273 982 tuae
1309 946 1535 993 cognitionis
1556 947 1732 992 illustret,
1756 950 1794 985 et

152 994 382 1076 ardoreAtuae
403 993 619 1030 dilectionis
637 994 848 1031 inflammet
865 1005 874 1039 ;
895 993 1068 1030 condona
1086 993 1194 1030 nobis
1214 998 1431 1042 peccata‚et
1446 995 1548 1032 dona
1558 994 1673 1032 vitam
1689 998 1797 1032 aeter-

152 1051 252 1077 nam.
308 1051 406 1077 men.

700 1251 931 1299 CAPUT
993 1251 1246 1300 LXXXV

779 1401 829 1429 DE
849 1401 983 1431 LAUDA
1002 1403 1139 1433 DlleA
1147 1423 1153 1432 .

200 1547 212 1569 ι
244 1533 376 1568 LAnms
394 1542 525 1566 mvixffi
543 1542 588 1566 An
608 1542 706 1571 chn
725 1541 849 1566 cunm
871 1542 930 1567 su-

150 1579 600 1623 uuseoxueanT10.—Et,
615 1577 704 1625 quia
719 1577 859 1614 dictum
875 1581 932 1615 est

147 1629 193 1664 ‹le
215 1628 324 1664 laude
359 1626 499 1670 divina,
524 1636 600 1672 qua
637 1636 787 1672 semper
809 1628 928 1663 Deum

146 1677 301 1712 laudare
322 1675 518 1717 debemus,
539 1673 679 1709 idcirco
695 1684 927 1720 consequen-

145 1728 202 1760 ter
223 1724 268 1759 de
289 1733 332 1758 ea
353 1721 632 1768 aliquantulum
652 1721 765 1757 latius
795 1721 925 1758 videa-

144 1781 240 1808 mus.
275 1773 460 1807 lmmenszi
492 1768 630 1815 quippe
668 1770 862 1805 Creatorls
888 1773 926 1806 et

143 1818 358 1856 Commoris
389 1817 441 1854 tui
465 1817 663 1854 beneficia.
690 1828 772 1863 quai
796 1816 878 1857 tibi,
902 1829 923 1854 o

141 1868 268 1904 anima
300 1876 398 1909 mea,
418 1866 464 1902 ab
497 1876 557 1909 eo,
577 1875 661 1901 cum
684 1868 718 1900 te
739 1876 781 1901 cx
805 1864 922 1901 nihilo

141 1914 285 1951 creavit
305 1919 342 1950 et
373 1913 556 1956 condidit,
592 1913 729 1948 collata
751 1917 850 1957 sunt,
873 1913 921 1948 ad

141 1962 308 1998 debitum
327 1961 515 1997 continuae
527 1960 753 2004 dilectionis,
769 1971 811 1996 ac
826 1971 920 2006 gra-

142 2009 280 2046 tiarum
303 2008 460 2045 actionis
481 2014 518 2044 et
539 2007 661 2044 laudis
675 2010 817 2054 ,jugiter
838 2009 919 2044 red-

140 2058 308 2094 dendum
331 2061 366 2093 te
391 2055 684 2101 astringunt.Ad
709 2056 777 2092 hoc
801 2055 916 2101 enim,

141 2116 224 2141 cum
248 2115 322 2141 non
347 2115 462 2148 esses,
485 2107 565 2139 sola
582 2109 618 2139 ct
636 2103 798 2149 gratuita
817 2103 919 2139 boni-

140 2157 216 2190 tate
237 2153 337 2189 illius
358 2157 497 2196 creata,
511 2155 547 2188 et
560 2151 608 2188 ad
628 2150 916 2188 similitudinem

143 2201 206 2237 Dei
234 2202 332 2237 sacta
351 2211 405 2243 es,
428 2204 467 2235 ut
490 2210 576 2236 eum
597 2199 788 2245 diligendo
810 2209 916 2235 sem—

139 2259 207 2296 per
227 2252 264 2285 et
281 2248 361 2284 sine
383 2248 457 2284 line
478 2246 682 2283 collaudes.
707 2247 810 2284 Unde
830 2248 917 2283 An-

139 2298 272 2333 selmus
297 2308 304 2333 :
330 2310 348 2329 «
376 2294 532 2342 Evigila,
558 2294 686 2331 anima
713 2305 810 2339 mea,
833 2294 917 2331 evi-

140 2343 234 2390 gila;
271 2344 422 2380 adbaere
453 2342 589 2378 divinis
613 2342 731 2384 bonis,
763 2342 918 2378 intende

142 2391 396 2435 sempiternis,
420 2389 691 2436 temporalibus
713 2390 915 2427 derelictis.

143 2439 350 2476 Considera
375 2441 409 2474 in
432 2437 512 2484 ipso
528 2437 729 2474 creationis
747 2438 916 2482 exordio,

143 2487 233 2533 quid
252 2485 509 2526 sublimitatis,
541 2496 583 2522 ac
611 2485 699 2531 quid
723 2485 922 2532 dignitatis

141 2535 321 2571 Conditor
343 2534 408 2570 tibi
431 2533 630 2569 contulerit
647 2545 655 2577 ;
671 2538 708 2570 et
729 2533 918 2580 perpende

140 2592 214 2628 quo
244 2592 386 2623 amore,
418 2591 491 2627 qua
526 2581 768 2617 veneratione
790 2582 919 2617 colen-

140 2630 210 2666 dus
228 2629 287 2665 sit.
310 2630 418 2665 Ccrte
443 2639 526 2665 cum
548 2629 832 2666 universitatem
856 2640 916 2665 re-

139 2687 224 2714 rum
245 2677 446 2714 visibilium
457 2681 492 2712 ei
509 2675 918 2722 invisibilium‚creans

141 2727 178 2761 et
197 2725 379 2761 ordinans
400 2725 604 2761 humanam
622 2730 798 2762 naturam
817 2725 916 2761 sace-

140 2782 181 2808 re
212 2771 470 2820 disposuisset,
504 2783 651 2810 summo
685 2772 842 2809 consilio
869 2773 914 2809 de

1004 1535 1079 1568 tuae
1111 1531 1340 1568 conditionis
1374 1532 1559 1579 dignitate
1594 1533 1785 1580 tractavit,

1002 1582 1130 1626 utpote
1164 1590 1277 1626 quam
1310 1580 1444 1617 ceteris
1473 1580 1672 1626 creaturis,
1701 1591 1785 1628 quae

998 1626 1036 1662 in
1055 1628 1195 1663 mundo
1231 1631 1331 1672 sunt,
1357 1628 1471 1665 altius
1493 1629 1685 1665 honorare
1705 1628 1785 1666 dis-

998 1674 1134 1719 posuit.
1158 1675 1249 1711 Vide
1271 1675 1386 1722 igitur
1413 1675 1687 1713 sublimitatem
1708 1681 1783 1714 tuae

997 1722 1215 1767 creationis,
1243 1726 1280 1759 et
1314 1727 1477 1760 retracta
1504 1723 1675 1760 debitum
1695 1724 1784 1761 red-

995 1769 1109 1805 dendi
1143 1772 1298 1807 amoris.
1330 1773 1540 1816 Faciamus,
1569 1773 1623 1808 ait
1664 1772 1779 1817 Deus,

994 1818 1173 1853 hominem
1194 1818 1243 1853 acl
1265 1821 1461 1863 imaginem
1492 1823 1526 1855 ec
1558 1821 1779 1856 similitudi-

992 1876 1072 1900 nem
1092 1870 1268 1902 nostram.
1294 1867 1456 1903 Attcnde
1476 1866 1592 1913 igilur
1617 1866 1776 1913 diligen-

992 1918 1048 1948 ter
1082 1913 1173 1958 quid
1210 1913 1272 1954 sit.
1294 1915 1340 1950 ad
1363 1913 1570 1961 imaginem
1591 1917 1628 1950 et
1649 1914 1777 1951 Simili-

989 1960 1158 1996 tudinem
1179 1961 1243 1997 Dei
1265 1965 1300 1998 te
1334 1972 1415 1998 esse
1437 1966 1618 1998 creatam.
1640 1963 1775 2008 Agno-

988 2019 1047 2043 scc
1076 2008 1179 2044 aliud
1221 2020 1304 2045 esse
1341 2008 1643 2054 similitudinem,
1671 2009 1771 2047 aliud

988 2055 1191 2100 imaginem
1215 2067 1222 2092 :
1246 2061 1372 2103 potest
1389 2057 1494 2094 verbi
1512 2057 1634 2103 gratia
1658 2057 1773 2094 hahe-

987 2113 1026 2139 re
1056 2103 1343 2141 similitudinem
1362 2105 1564 2151 quamdam
1584 2115 1669 2141 cum
1693 2105 1770 2141 ho—

985 2151 1085 2188 mine
1097 2162 1230 2197 equus,
1245 2152 1316 2189 bos
1330 2156 1509 2189 etceterae
1520 2152 1661 2189 similes
1670 2163 1774 2190 crea-

984 2203 1023 2235 tu
1033 2210 1081 2235 1·ae
1096 2210 1105 2244 ;
1123 2199 1327 2245 Imaginem
1343 2211 1432 2236 vero
1444 2200 1606 2237 hominis
1619 2211 1694 2237 non
1710 2201 1775 2237 ha-

986 2247 1062 2292 het,
1085 2246 1157 2283 nisi
1181 2248 1276 2284 alter
1298 2248 1425 2284 homo.
1443 2248 1646 2284 manducat
1661 2248 1773 2285 homo

987 2295 1235 2331 manducatet
1247 2305 1472 2342 equus,ecce
1487 2295 1663 2342 quaedam
1675 2294 1778 2332 simi-

987 2341 1105 2378 litudo
1127 2353 1169 2379 ae
1191 2342 1405 2379 communis
1425 2342 1526 2379 inter
1544 2346 1701 2379 naturas
1718 2343 1774 2380 di-

988 2401 1140 2434 versas;
1171 2389 1375 2436 imaginem
1402 2401 1491 2427 vcro
1523 2390 1677 2427 honinis
1696 2401 1775 2428 non

988 2437 1247 2481 imitatur,nisi
1271 2438 1367 2474 alter
1383 2438 1496 2475 homo
1519 2439 1689 2485 ejusdem
1709 2448 1775 2475 na·

987 2489 1094 2529 turae,
1118 2487 1224 2531 cujus
1245 2485 1369 2532 imago
1387 2490 1457 2522 est.
1482 2485 1638 2532 Dignior
1655 2485 1777 2532 igitur

987 2538 1043 2569 est
1066 2533 1203 2579 imago,
1227 2544 1339 2579 quam
1371 2533 1592 2570 similitudo.
1623 2533 1772 2571 Simili·-

987 2580 1155 2616 tudinem
1178 2580 1304 2627 itaque
1325 2581 1372 2617 ad
1400 2583 1534 2626 Deum,
1562 2582 1632 2618 hoc
1657 2581 1769 2617 modo

987 2629 1128 2665 habere
1155 2630 1362 2675 poterimus
1385 2640 1393 2665 :
1416 2630 1447 2666 si
1480 2639 1566 2666 eum
1591 2639 1672 2665 esse
1695 2629 1770 2665 bo·-

987 2687 1078 2712 num
1120 2676 1416 2722 considerantes,
1456 2688 1524 2714 nos
1562 2676 1652 2714 boni
1686 2685 1769 2712 esse

986 2723 1260 2769 studuerimus,
1277 2724 1308 2761 si
1319 2736 1404 2761 eum
1420 2725 1563 2772 justum
1582 2734 1662 2760 esse
1684 2732 1767 2768 cog-

990 2776 1200 2819 noscentes,
1229 2783 1298 2809 nos
1328 2772 1418 2820 Justi
1446 2783 1528 2809 esse
1552 2771 1765 2808 contenda-
