1924 3157
133 146 173 179 58
606 147 813 183 SECUNDAE
851 150 1010 185 PARTIS
1047 147 1184 183 CAPUT
1223 147 1298 180 Lxl

137 218 300 253 ministri
321 216 425 262 regni
446 218 516 252 mei
538 217 692 262 terreni,
707 218 808 255 unde
826 223 912 266 post

138 275 266 310 regem
287 263 399 300 etiam
431 274 588 310 regnum
609 266 817 311 temporale
840 267 908 303 ha-

138 312 201 348 bct
235 311 467 355 firmitatem,
507 312 635 357 utique
667 313 910 359 decertarent,

139 362 271 395 contra
300 357 548 403 adversarios,
568 362 609 394 ut
641 370 709 396 non
746 361 912 397 traderer

138 406 295 449 Judaei33
321 417 385 451 per
402 405 500 451 quod
520 408 622 452 patet
641 407 740 453 quod
760 419 836 444 non
857 411 913 445 cst

140 453 371 489 mundanum
389 463 548 499 regnum
566 464 705 491 meum.
729 456 832 492 Unde
852 466 910 492 se-

138 500 264 546 quitur
296 511 304 535 :
331 502 435 538 Nunc
461 503 580 536 autem
615 512 765 546 regnum
797 514 912 539 meum

138 558 209 583 non
230 550 281 583 est
302 548 399 588 hinc,
423 546 461 584 id
484 551 539 584 cst
566 547 612 584 de
645 549 716 585 hoc
745 550 909 595 mundo;

139 598 195 631 est
223 597 347 631 tamen
371 593 445 639 hic,
474 594 564 641 quia
595 595 736 642 ubique
761 597 914 643 attingit

139 652 160 678 a
182 642 256 678 fine
276 652 396 688 usque
431 642 479 679 ad
507 642 636 679 finem.
660 644 764 686 Unde
785 645 911 688 Aaou·

137 691 256 725 stinus
275 703 284 725 :
311 702 328 723 «
348 690 428 725 Non
448 689 539 725 dicit
555 701 562 726 :
580 691 660 727 Non
675 694 733 727 est
752 692 826 735 hic,
848 691 910 727 hic

139 740 193 772 est
212 736 312 773 enim
330 747 489 782 regnum
510 737 591 783 ejus
613 748 728 784 usque
744 738 781 774 in
796 739 911 775 finem

139 783 268 826 seculi,
292 784 434 821 liabens
454 783 491 819 in
525 795 564 820 se
589 786 789 822 commixta
809 785 912 822 ziza-

139 833 202 867 nia
223 842 342 877 usque
377 832 424 868 ad
467 842 655 877 messem,
692 833 757 868 sed
784 836 912 870 tamen

137 890 208 915 non
241 883 294 914 est
325 880 422 923 hinc,
463 879 550 923 quia
583 880 850 925 peregrinatur
875 880 912 916 in

139 927 209 963 hoc
235 926 389 962 mundo.
417 940 435 958 »
462 926 568 962 Unde
591 931 628 962 et
656 928 874 974 Theophilus
901 941 911 963 .-

145 990 156 1006 α
183 975 259 1009 Non
281 972 371 1009 dicit
397 984 405 1008 ε
428 974 507 1009 Non
530 978 586 1009 est
603 973 686 1019 hic3
709 975 775 1010 sed
803 986 810 1010 ε
832 977 913 1013 Νοη

141 1025 192 1057 est
221 1021 317 1057 hino.
345 1021 439 1071 Nam
469 1024 602 1067 regnat
635 1021 673 1057 in
698 1022 853 1067 mundo,
878 1027 915 1058 et

140 1068 258 1105 utitur
285 1067 383 1104 illius
404 1067 634 1114 provisione,
657 1072 694 1105 et
719 1069 826 1115 juxta
849 1080 913 1106 vo-

140 1119 219 1151 tum
242 1118 376 1151 vuncta
396 1115 594 1161 disposuit.
615 1117 697 1152 Non
719 1119 912 1153 estantem

141 1164 188 1199 ab
212 1162 352 1198 intimis
379 1162 624 1199 constitutum
641 1174 798 1209 regnum
819 1166 913 1210 ejus,

141 1210 203 1246 sed
227 1209 386 1254 coelitus,
420 1213 456 1246 et
490 1213 578 1246 ante
604 1211 743 1247 secula.
767 1225 785 1243 »
810 1212 915 1248 Unde

143 1257 255 1293 etiam
279 1258 550 1302 chrysostomus
573 1271 583 1293 :
610 1273 622 1291 «
655 1258 728 1295 Sed
751 1269 836 1295 cum
858 1258 913 1294 di-

141 1304 193 1341 xit
211 1316 219 1340 :
240 1307 403 1349 Regnum
424 1315 539 1340 meum
554 1316 624 1341 non
645 1309 698 1341 est
719 1307 816 1347 hinc,
839 1317 915 1342 non

142 1352 265 1398 privat
293 1352 472 1387 mundum
501 1352 547 1388 de
574 1363 644 1389 sua
678 1352 917 1398 providentia

141 1405 178 1436 et
206 1398 436 1445 praelatione,
464 1400 528 1435 sed
558 1400 721 1436 ostendit
756 1411 916 1446 regnum

142 1457 251 1483 snum
271 1457 347 1482 non
365 1457 447 1482 esse
464 1447 671 1483 humanum
692 1458 815 1493 neque
837 1458 917 1484 cor-

141 1493 318 1539 ruptibile
339 1525 346 1537 ,
389 1493 568 1539 quoniam
605 1494 767 1541 desuper
804 1495 918 1531 habet

140 1540 408 1588 principatum,
435 1540 498 1586 qui
532 1552 608 1577 non
630 1544 686 1578 est
716 1542 916 1586 humanus,

142 1589 208 1625 sed
235 1588 351 1625 multo
379 1589 501 1635 maj0r
526 1592 563 1625 et
591 1589 740 1625 clarior.
764 1603 781 1621 »
812 1591 919 1625 Dioeit

143 1638 269 1682 itaque
289 1638 321 1671 ei
341 1637 485 1671 Pilatus
504 1649 514 1671 .·
538 1638 634 1681 Erqo
654 1639 732 1673 Rem
752 1647 787 1672 es
806 1640 859 1681 tu,
873 1648 918 1673 ex

144 1694 216 1729 quo
227 1681 317 1719 alibi
331 1687 387 1719 est
401 1693 559 1729 regnum
573 1686 678 1720 tuum
692 1684 709 1719 ἱ)
719 1685 918 1730 Respondit

143 1733 276 1766 Jesus:
304 1732 356 1766 Tu
387 1731 494 1774 dicis,
523 1732 612 1776 quia
639 1733 716 1768 Reoe
737 1742 815 1767 sum
840 1742 916 1775 eqo.

144 1777 257 1821 Quasi
279 1777 421 1814 diceret
443 1789 451 1814 :
474 1779 549 1823 Ego
567 1789 636 1815 nec
653 1789 762 1824 nego,
783 1789 852 1814 nec
867 1778 917 1814 af-

144 1825 268 1869 firmo,
292 1825 357 1860 sed
379 1829 418 1861 tu
441 1826 548 1870 dicis,
570 1837 646 1862 non
667 1828 794 1862 tamen
814 1836 917 1862 asse-

142 1872 276 1917 rendo,
289 1872 354 1908 sed
375 1871 659 1919 interrogando.
676 1873 815 1909 Eodem
834 1884 917 1909 ver-

142 1920 190 1956 bo
210 1919 366 1956 Praesidi
389 1930 463 1965 quo
482 1924 517 1956 et
537 1920 768 1967 principibus
792 1931 916 1956 sacer-

143 1967 273 2003 dotum
284 1967 492 2013 respondit,
512 1967 712 2014 utpropria
728 1967 918 2004 sententia

143 2015 455 2050 condemnentur.
496 2015 622 2051 Noluit
648 2016 772 2051 dicere
801 2026 808 2051 :
838 2017 919 2052 Non

142 2072 239 2106 sum,
262 2073 308 2098 ne
329 2061 466 2098 falsum
482 2061 639 2107 diceret,
663 2062 783 2099 noluit
804 2062 917 2099 etiam

143 2109 268 2145 dicere
289 2121 296 2145 :
318 2110 393 2155 Ego
407 2120 503 2153 sum,
526 2121 573 2145 ne
596 2109 794 2146 calumniae
814 2121 917 2146 occa-

142 2156 287 2192 sionem
319 2156 438 2192 darct.
478 2157 582 2193 Unde
614 2158 666 2193 sic
693 2157 919 2204 temperavit

143 2203 428 2250 responsionem
443 2215 564 2249 suam,
576 2208 614 2240 ut
626 2207 661 2240 et
676 2215 806 2241 verum
821 2204 918 2241 dice·

145 2254 215 2296 ret,
227 2254 263 2287 et
278 2262 400 2287 sermo
419 2252 499 2298 ejus
514 2252 709 2288 calumniae
723 2263 799 2288 non
817 2255 919 2298 pate-

143 2303 212 2341 ret,
223 2302 260 2334 et
274 2298 422 2344 penitus
439 2299 539 2335 nulla
555 2299 662 2346 culpa
676 2299 713 2335 in
729 2311 772 2336 eo
785 2310 919 2347 cogno-

145 2349 325 2382 sceretur.

196 2408 206 2428 1
220 2408 230 2428 1
247 2394 418 2429 Coxnirlo
434 2404 539 2429 REGNI
561 2395 718 2439 Cnmsrl,
734 2407 916 2432 VERITATIS

143 2451 371 2476 1¹RAED1CAT10.
393 2462 436 2466 -—
453 2440 845 2485 Dein-le,determinat
860 2442 915 2479 sui

142 2487 250 2533 regni
285 2487 554 2532 conditionem,
585 2489 744 2525 dicens:
782 2492 858 2534 Eyo
878 2492 917 2526 in

143 2536 206 2570 hoc
220 2538 328 2571 natus
342 2546 436 2579 sum,
453 2536 723 2581 temporaliter,
740 2540 773 2572 et
788 2538 836 2572 ad
852 2539 915 2574 hoc

142 2583 225 2617 reni
255 2584 294 2617 in
317 2583 504 2626 mundum,
528 2593 596 2628 per
622 2583 744 2618 carnis
768 2595 914 2620 assum-

140 2629 323 2676 ptionem,
358 2633 398 2665 ut
432 2631 675 2666 testimonium
708 2632 916 2676 perhibeam

140 2678 301 2722 veritati,
324 2676 480 2712 dicendo
502 2680 537 2712 et
558 2677 760 2714 radicando
778 2680 914 2715 verita-

140 2727 216 2760 tem
240 2724 287 2760 de
309 2722 444 2760 divinis
470 2723 507 2760 in
537 2723 711 2761 cordibus
733 2725 912 2762 fidelium.

142 2773 185 2808 Et
205 2770 305 2817 ideo,
320 2773 435 2808 omnis
456 2773 521 2817 qui
537 2775 590 2807 est
609 2782 652 2808 em
673 2775 825 2809 veritate
839 2772 913 2820 pri-

986 229 1060 264 ma,
1073 228 1156 265 quae
1175 218 1274 253 Deus
1292 219 1449 269 est‚n0n
1467 219 1587 256 solum
1602 230 1669 266 per
1688 231 1767 257 cre-

987 267 1165 309 ationem,
1191 263 1256 300 sed
1280 267 1394 300 etiam
1419 275 1487 311 per
1511 266 1765 304 imitationem

986 318 1022 350 et
1046 311 1331 358 subjectionem,
1365 312 1470 348 audit
1490 324 1607 350 vocem
1632 325 1762 360 meam,

985 361 1100 397 verba
1124 369 1206 395 mea
1228 358 1430 404 credendo,
1453 363 1489 396 et
1508 371 1622 407 opere
1640 361 1762 398 adim-

984 407 1145 455 plend03
1170 409 1206 442 et
1220 416 1286 452 per
1310 416 1547 453 consequens
1568 408 1605 444 in
1623 408 1765 446 talibus

987 453 1234 502 spiritualitur
1262 463 1393 498 regno.
1416 456 1513 490 Dicit
1534 457 1566 491 ei
1585 457 1729 492 Pilatus
1754 468 1765 492 ε

986 503 1081 546 Quid
1102 505 1153 537 est
1172 502 1333 536 veritas?
1355 501 1397 535 Et
1413 501 1523 547 hujus
1542 502 1766 548 quaestionis

987 558 1207 596 responsum
1235 558 1310 583 non
1331 548 1571 593 exspectavit,
1594 549 1684 595 quia
1701 551 1766 586 Ju-

987 597 1155 633 daeorum
1170 593 1366 639 malitiam,
1380 598 1417 631 et
1431 595 1569 632 Christi
1589 595 1766 633 innocen-

986 643 1077 680 tiam
1093 641 1317 689 percipiens,
1334 642 1380 678 ad
1401 643 1481 688 ejus
1501 643 1765 680 liberationem

986 689 1201 735 festinavit,
1224 689 1295 733 vel,
1318 689 1564 735 quaestionem
1597 691 1643 727 de
1666 689 1765 727 veri-

986 741 1062 775 tate
1079 740 1224 774 tantum
1243 737 1365 773 facere
1383 736 1518 783 potuit,
1536 737 1600 774 sed
1612 748 1766 784 respon-

987 796 1069 822 sum
1100 784 1212 820 finale
1240 783 1371 820 audire
1402 795 1476 821 non
1498 785 1649 830 meruit,
1677 784 1766 831 quia

983 832 1167 879 judicium
1194 841 1302 867 suum
1330 841 1352 868 a
1377 833 1533 868 veritate
1562 832 1763 878 inchoavit,

987 883 1024 916 et
1042 890 1118 916 non
1135 879 1174 914 in
1193 877 1365 922 veritate,
1381 879 1447 914 sed
1463 878 1498 914 in
1518 879 1766 926 perversitate

988 926 1120 963 finivit.
1151 924 1304 972 Legitur
1331 929 1458 962 tamen
1488 925 1526 962 in
1560 926 1765 974 Evangelio

988 976 1263 1013 Nazaraeorum
1288 976 1322 1008 et
1344 972 1457 1009 etiam
1475 973 1624 1010 videtur
1642 974 1766 1011 dicere

987 1022 1232 1066 Auqustinus,
1265 1020 1364 1066 quod
1406 1019 1576 1057 Christus
1608 1031 1768 1068 respon-

990 1070 1055 1113 dit,
1078 1068 1179 1114 quod
1200 1067 1339 1103 veritas
1360 1069 1416 1103 est
1442 1067 1489 1104 de
1510 1068 1619 1113 coelo,
1633 1071 1669 1104 et
1691 1079 1768 1105 non

989 1119 1070 1152 erat
1091 1116 1129 1151 in
1153 1119 1273 1158 terra;
1298 1115 1364 1150 sed
1384 1114 1526 1152 Pilatus
1546 1126 1622 1151 non
1652 1115 1767 1152 audi-

988 1163 1041 1199 vit
1066 1175 1072 1199 :
1095 1163 1165 1208 vel,
1189 1161 1279 1208 quia
1298 1161 1409 1198 exivit
1430 1163 1476 1198 ad
1495 1163 1672 1208 Judaeos;
1694 1162 1766 1209 vel,

989 1214 1144 1257 propter
1163 1209 1367 1246 tumultum
1389 1209 1644 1247 clamantium.
1669 1209 1768 1247 Pila-

990 1262 1051 1294 tus
1072 1257 1319 1304 quaestionem
1338 1257 1384 1293 de
1402 1257 1560 1294 veritate
1582 1257 1683 1304 fecit,
1702 1257 1769 1294 sed

991 1306 1035 1342 de
1067 1304 1315 1351 responsione
1342 1315 1417 1340 non
1435 1305 1590 1341 curavit.
1620 1304 1769 1342 Veritas

991 1351 1092 1388 enim
1117 1355 1172 1389 est
1209 1351 1304 1388 sicut
1343 1362 1440 1398 aqua
1474 1351 1688 1397 benedicta,
1721 1352 1769 1389 ad

991 1410 1105 1446 quam
1127 1409 1259 1435 omnes
1287 1402 1454 1444 currunt,
1482 1402 1611 1436 tamen
1635 1410 1770 1436 manus

992 1447 1099 1483 faciei
1115 1449 1321 1493 apponunt,
1336 1457 1382 1482 ne
1397 1457 1509 1493 super
1525 1447 1659 1483 faciem
1670 1457 1770 1493 aqua

992 1494 1114 1531 cadat.
1135 1494 1194 1530 Sic
1215 1493 1320 1529 multi
1341 1497 1514 1539 quaerunt
1532 1494 1579 1530 de
1594 1493 1769 1539 veritate,

992 1543 1125 1578 nolunt
1144 1544 1271 1577 tamen
1291 1541 1388 1586 quod
1405 1540 1460 1577 eis
1474 1541 1612 1578 veritas
1631 1541 1678 1578 de
1693 1541 1770 1578 suis

993 1589 1201 1626 defectibus
1221 1587 1380 1633 dicatur,
1403 1587 1516 1624 etiam
1543 1599 1611 1636 pro
1637 1599 1770 1626 eorum

993 1637 1126 1673 salute.

1045 1698 1082 1720 12
1109 1685 1240 1720 Ριιᾼτο
1261 1694 1333 1719 NON
1358 1694 1574 1720 ΙΝνΕΝΙΕΝΤΕ
1599 1695 1637 1720 ΙΝ
1658 1683 1769 1720 Cum-

993 1743 1055 1768 sro
1077 1742 1227 1775 CAUSAM,
1266 1732 1379 1767 Jumm
1406 1742 1524 1767 DENUO
1557 1743 1599 1767 ET
1620 1743 1768 1768 FORTIUS

992 1790 1064 1815 nuit
1081 1790 1271 1815 AccusANr.
1291 1798 1336 1804 —-
1349 1780 1397 1814 Et
1416 1789 1495 1814 cum
1509 1779 1582 1814 haec
1596 1779 1766 1820 dimisset.

993 1826 1197 1873 qnaerendo
1241 1824 1330 1872 quid
1369 1828 1425 1862 est
1458 1826 1609 1871 veritas,
1636 1828 1769 1862 iterum

992 1875 1109 1910 eoez‘vz't
1129 1874 1178 1909 ad
1199 1874 1355 1914 chdaeos,
1383 1875 1424 1909 ut
1458 1883 1523 1918 pro
1549 1873 1769 1910 innocentia

992 1920 1141 1958 Domini
1159 1920 1391 1966 loqueretur,
1413 1924 1446 1956 et
1466 1921 1565 1956 dimit
1587 1922 1638 1956 eis
1660 1934 1671 1956 .·
1691 1923 1768 1966 qu

991 1970 1132 2004 nullam
1151 1969 1294 2004 invenio
1314 1969 1353 2003 in
1379 1978 1416 2003 eo
1446 1978 1608 2012 causam,
1628 1967 1770 2004 scilicet

993 2020 1114 2052 morte
1136 2015 1300 2062 dignam.
1322 2014 1416 2058 Quia
1434 2015 1533 2051 enim
1553 2014 1709 2059 PilatuS,
1731 2019 1770 2052 et

991 2065 1202 2110 Imperator
1222 2061 1397 2099 dominus
1430 2073 1532 2108 suuS,
1560 2073 1636 2099 non
1661 2073 1767 2099 cura-

991 2111 1082 2147 bant
1101 2110 1172 2146 nisi
1194 2110 1240 2146 de
1262 2120 1378 2156 regno
1399 2112 1565 2155 terreno,
1589 2110 1673 2146 ideo
1702 2109 1765 2146 Pi-

992 2159 1090 2195 latus
1103 2158 1235 2194 habuit
1249 2158 1378 2193 Jesum
1392 2160 1623 2202 excusatum,
1639 2156 1768 2194 dicens

991 2217 1028 2242 sc
1057 2205 1149 2244 nihil
1174 2204 1341 2241 criminis
1362 2204 1532 2240 invenire
1556 2204 1594 2240 in
1615 2215 1673 2241 eo.
1700 2206 1767 2242 Ju-

993 2253 1063 2289 daei
1083 2263 1172 2299 ergo
1207 2251 1348 2288 invidia
1376 2251 1556 2288 stimulati
1581 2255 1680 2295 sunt,
1704 2251 1769 2298 qui

987 2301 1134 2347 justum
1154 2300 1385 2336 mendaciter
1405 2299 1587 2335 damnare
1616 2299 1767 2336 labora-

990 2351 1137 2384 verunt.
1161 2347 1233 2384 Sed
1252 2346 1312 2383 hic
1331 2350 1388 2382 est
1409 2347 1543 2382 modus
1565 2346 1768 2393 malorum,

991 2395 1089 2441 quod
1106 2405 1173 2441 per
1190 2393 1390 2430 mendacia
1405 2397 1579 2440 quaerunt
1594 2393 1771 2430 condem·

991 2442 1183 2478 nationem
1199 2442 1402 2488 justorum.
1420 2442 1469 2476 Ex
1484 2441 1555 2477 hoc
1567 2440 1681 2478 etiam
1698 2451 1766 2487 pa-

989 2493 1044 2526 tet
1065 2490 1164 2535 quod
1184 2488 1389 2535 aliquando
1410 2488 1550 2535 justius
1578 2487 1703 2534 agitur
1728 2487 1768 2524 in

991 2536 1096 2573 curia
1114 2536 1252 2580 laicali,
1270 2546 1382 2582 quam
1399 2537 1434 2571 in
1455 2535 1640 2580 clericali;
1657 2534 1767 2582 prin-

991 2584 1092 2630 cipes
1110 2585 1211 2620 enim
1229 2583 1467 2620 sacerdotum
1482 2582 1668 2620 Christum
1682 2593 1768 2619 con-

990 2631 1263 2668 damnaverunt
1282 2634 1474 2676 tamquam
1491 2630 1624 2666 mortis
1644 2639 1765 2674 reum,

991 2689 1102 2725 quem
1134 2680 1276 2715 Praeses
1315 2679 1505 2715 Romanus
1546 2676 1766 2724 pronuntiat

989 2725 1228 2762 innocentem
1259 2730 1295 2762 et
1320 2726 1476 2772 justum.
1499 2723 1558 2762 Sic
1587 2727 1625 2761 et
1653 2723 1766 2761 hodie

990 2773 1032 2809 tit
1066 2773 1105 2809 in
1140 2773 1308 2820 pluribus
1343 2773 1447 2818 locis,
1479 2771 1580 2819 quod
1611 2770 1764 2808 malesa-
