1924 3157
124 200 185 236 308
510 194 719 230 SECUNDAE
756 194 917 230 PARTIS
954 193 1091 228 CAPUT
1131 193 1353 227 LXXXVIII

129 271 286 307 veniens
306 279 350 305 ex
369 277 483 314 opere
511 265 741 313 praecellenti
767 269 805 303 et
826 266 903 313 pri·
967 262 1261 309 septempliciter
1277 274 1389 309 quam
1409 265 1520 302 modo
1544 265 1600 308 fit,
1623 263 1743 312 speci-

128 317 318 364 vilegiato,
335 314 476 351 scilicet
493 324 502 349 ε
520 312 717 359 martyrio,
745 312 904 360 virgini-

128 368 217 406 tate,
239 368 275 399 et
304 359 574 408 praedicatione
593 371 602 404 ;
623 362 662 395 ut
680 359 732 396 sic
752 361 906 397 aureola

129 422 204 448 non
217 412 363 446 tantum
381 406 635 454 principaliter
649 405 698 443 sit
710 406 749 443 in
765 412 905 452 mente,

130 458 194 495 sed
214 467 284 504 per
301 455 503 502 quamdam
536 454 823 490 redundantiam
841 454 907 490 ful-

128 507 216 551 geat
236 503 350 540 etiam
387 503 424 538 in
455 511 579 537 carne.
601 501 764 538 Aureola
795 502 907 538 etiam

130 549 354 588 diminutive
391 548 541 594 dicitur,
565 547 605 584 in
627 548 908 594 comparatione

129 598 178 636 ad
185 607 352 634 auream.
366 597 411 632 Et
423 595 508 632 ideo
519 595 738 640 notandum,
750 595 847 641 quod
857 595 911 630 in-

128 648 187 682 ter
200 654 369 688 auream,
391 647 429 679 et
446 642 654 686 aureolam,
679 648 716 678 et
732 642 908 688 palmam,

129 694 187 729 est
207 690 438 728 differentia.
459 690 586 726 Aurea
606 688 705 725 enim
727 692 784 725 est
803 699 909 741 prae·-

128 739 248 776 mium
269 737 531 781 substantiale,
556 736 657 782 quod
678 738 908 781 metaphori-

131 796 175 823 ce
192 784 330 822 dicitur
346 794 486 821 corona
506 794 515 819 z
536 788 616 819 tum
633 793 676 819 ex
695 786 804 828 parte
830 792 909 834 me-

132 831 211 878 riti,
233 831 322 878 quia
337 842 414 868 non
433 830 639 877 respondet
657 829 780 875 gratia
791 839 909 875 operl,

133 879 200 916 sed
232 878 351 916 radici
390 876 578 922 caritatis3
610 880 690 912 tum
729 887 773 912 ex
804 879 912 922 parte

134 925 293 973 praemii,
316 925 405 971 quia
426 935 494 970 per
518 925 589 960 hoc
616 922 780 959 efficitur
799 924 911 958 homo

133 972 323 1020 particeps
343 970 508 1016 deitatis,
531 973 567 1007 et
586 981 654 1017 per
680 980 912 1015 consequens

134 1021 248 1067 regiae
265 1017 483 1066 potestatis3
509 1020 590 1053 tum
617 1016 763 1053 ratione
781 1017 913 1063 perse-

135 1066 283 1112 ctionis,
306 1065 406 1112 quod
429 1064 620 1110 significat
644 1064 766 1110 figura
786 1063 913 1100 circu-

135 1113 239 1151 laris.
262 1112 427 1149 Aureola
446 1122 533 1148 vero
556 1113 612 1148 est
628 1110 828 1158 praemium
852 1122 913 1164 ac-

136 1160 335 1205 cidentale,
357 1170 433 1195 non
451 1162 580 1195 tamen
603 1158 798 1204 quodlibet
817 1169 913 1194 accl-

135 1208 300 1253 dentale,
321 1207 386 1243 sed
419 1206 510 1242 illud
533 1206 633 1252 quod
652 1206 913 1258 respondeto-

134 1254 215 1302 peri
236 1252 505 1298 excellentiori,
527 1252 667 1288 scilicet
687 1264 695 1289 ς
718 1257 913 1298 martyrlo,

135 1301 358 1347 virginitati,
396 1304 432 1337 et
473 1299 742 1346 praedicationi.
786 1301 916 1335 Palma

136 1352 263 1385 autem
277 1351 333 1384 est
346 1347 545 1393 praemium
559 1346 805 1390 accidentale,
815 1347 916 1392 quod

136 1406 207 1432 nec
229 1395 347 1431 radici
370 1405 440 1430 nec
461 1393 565 1439 operi
583 1394 756 1438 debetur,
775 1395 839 1429 sed
856 1404 917 1429 vo-

137 1441 288 1479 luntati.
301 1441 387 1477 Tale
404 1440 603 1487 praemium
614 1441 748 1476 habuit
765 1444 917 1476 sanctus

137 1488 336 1534 Martinus,
358 1491 395 1524 et
415 1487 523 1523 multi
543 1487 621 1531 alii,
644 1487 708 1533 qui
729 1487 917 1524 desidera-

138 1539 275 1572 verunt
312 1535 550 1582 martyrium,
587 1534 674 1570 licet
715 1545 808 1581 opus
842 1545 917 1570 non

138 1583 254 1619 fuerit
279 1583 522 1619 subsecutum
543 1582 664 1628 :quia
692 1581 763 1617 etsi
792 1581 916 1627 gladio

138 1630 396 1677 persecutoris
415 1628 526 1665 occisi
540 1639 619 1665 non
638 1632 737 1674 sunt,
753 1629 918 1675 palmam

139 1681 265 1713 tamen
294 1676 465 1723 martyrii
487 1687 562 1712 non
587 1676 806 1712 amiserunt.
832 1678 919 1712 Haec

140 1728 266 1761 autem
280 1724 407 1771 palma
416 1734 486 1760 nec
500 1734 614 1759 aurea
627 1722 699 1759 dici
715 1724 838 1762 debet,
850 1733 919 1760 nec

140 1772 318 1815 aureola3
339 1773 442 1817 patet
461 1781 550 1816 ergo
569 1770 669 1816 quod
689 1770 918 1817 martyribus

141 1829 184 1855 ac
201 1818 410 1864 virginibus
424 1821 461 1853 et
478 1817 791 1864 praedicatoribus
809 1818 919 1854 debe-

141 1869 204 1902 tur
228 1864 398 1902 aureola.
426 1865 531 1901 Unde
556 1874 688 1900 versus
714 1867 800 1900 sunt
824 1864 886 1900 isti
907 1875 917 1901 t

190 1941 391 1977 Aureozam
410 1941 445 1976 si
464 1940 562 1983 ferre
578 1940 698 1975 volam
716 1952 727 1975 :
744 1940 824 1985 fore
844 1941 920 1975 vir-

672 1986 727 2033 [90
756 1988 920 2033 studebo,

193 2036 460 2080 Martyriumve
499 2034 626 2071 subibo
660 2037 779 2080 pium,
804 2046 920 2081 popu-

648 2080 758 2128 [losve
775 2082 918 2118 docebo.

143 2162 187 2197 Et
207 2161 344 2197 iterum
365 2171 374 2197 ι

190 2235 386 2272 Aureolum
407 2237 713 2282 Martyrffloctor,
737 2238 923 2331 [Virqotque

751 2296 846 2320 mere
865 2296 921 2320 ur.

191 2364 212 2397 8
233 2362 335 2397 BONA
351 2372 521 2399 conroms
538 2374 671 2399 SEPTEM
686 2375 722 2399 ΙΝ
735 2375 921 2400 PARAoiso.

143 2427 189 2434 —
212 2409 408 2445 Anselmus
422 2421 510 2446 vero
531 2411 637 2457 ponit
659 2416 803 2457 septem
823 2412 925 2448 bona

144 2455 331 2501 corporis,
351 2460 387 2491 et
412 2458 500 2492 item
526 2458 627 2493 bona
664 2462 809 2504 septem
839 2458 922 2494 ani-

141 2512 227 2546 mae,
252 2512 338 2548 quae
360 2503 555 2540 habebunt
575 2504 683 2541 electi
705 2506 742 2540 in
761 2505 924 2541 coeleslis

141 2548 277 2595 patriae
317 2550 565 2587 beatitudine.
591 2553 635 2587 Et
664 2552 785 2598 primo
819 2553 925 2598 ponit

141 2597 243 2633 bona
272 2598 456 2642 corporis,
478 2608 562 2643 quae
584 2603 669 2635 sunt
691 2610 699 2634 ι
722 2599 924 2645 pulchritu-

141 2644 205 2688 do,
227 2643 426 2689 velocitas,
457 2645 650 2690 fortitudo,
675 2646 843 2689 libertas,
865 2657 924 2683 sa-

139 2689 257 2734 nitas,
280 2690 470 2737 voluptaS,
485 2692 690 2729 aeternitas.
708 2693 806 2730 Dicit
819 2704 923 2740 ergo:

142 2751 162 2771 «
183 2739 225 2774 In
241 2737 309 2774 illa
329 2737 448 2784 igitur
464 2737 541 2774 vita
552 2739 791 2786 pulchritudo
807 2741 925 2787 justo-

140 2794 224 2822 rum
257 2783 348 2821 solis
375 2785 660 2832 pulchritudini,
684 2797 769 2833 quae
798 2791 924 2825 tamen

967 311 1068 348 osior
1097 311 1182 355 erit,
1205 310 1477 357 adaequabitur,
1500 313 1744 358 quemadmo-

969 360 1055 394 dum
1078 357 1161 402 ipsa
1183 356 1311 393 divina
1339 357 1531 403 Scriptura
1551 361 1711 396 testatur
1733 369 1742 394 t

966 405 1184 449 Ὲιιῐῃεὸαητ,
1199 403 1390 450 inquiens,
1402 405 1498 450 justi
1512 407 1607 442 sicut
1622 407 1690 448 sol,
1707 407 1746 441 in

966 463 1075 495 reqno
1091 453 1228 486 Patr-is.
1239 471 1286 478 —
1295 451 1479 488 Velocitas
1490 463 1558 489 nos
1569 455 1676 489 tanta
1688 462 1748 488 eo-

969 497 1177 542 mitabitur,
1206 502 1248 534 ut
1269 497 1361 544 ipsis
1380 499 1532 545 Angelis
1553 499 1620 535 Dei
1639 509 1747 545 aeque

971 546 1113 582 celeres
1133 546 1264 590 simus,
1287 544 1350 591 qui
1377 556 1399 582 a
1419 546 1523 582 coelis
1543 547 1591 583 ad
1609 549 1747 590 terras,

971 595 1008 628 et
1027 603 1049 628 a
1068 593 1180 628 terris
1203 593 1248 628 ad
1280 592 1415 628 coelum
1437 593 1536 629 dicto
1557 593 1666 629 citius
1689 592 1746 629 di-

972 639 1164 675 labuntur.
1199 639 1318 685 Hujus
1356 650 1506 685 quoque
1539 638 1749 676 velocitatis

973 686 1183 732 exemplum
1203 685 1241 721 in
1258 686 1363 722 radio
1384 687 1473 723 solis
1492 686 1580 723 licet
1593 685 1745 732 intueri,

972 733 1035 779 qui
1055 732 1197 777 statim,
1219 738 1301 769 orto
1319 734 1411 779 sole,
1435 733 1474 770 in
1495 734 1607 781 plaga
1625 733 1749 770 orien-

972 779 1053 823 tali,
1072 779 1252 826 pertingit
1269 779 1309 816 in
1336 781 1466 817 ultimo
1498 781 1621 828 plngae
1646 779 1748 817 occi-

974 826 1135 863 dentalis
1155 838 1164 862 ;
1188 831 1227 862 ut
1246 826 1285 862 in
1310 838 1354 864 eo
1374 829 1652 874 perpendamus
1671 837 1748 864 non

974 884 1054 910 esse
1086 873 1329 919 impossibile,
1351 875 1450 920 quod
1471 875 1517 911 de
1534 878 1664 912 nostra
1685 874 1750 911 di-

975 920 1094 956 cimus
1136 921 1263 956 futura
1299 921 1511 967 velocitate,
1538 922 1750 969 praesertim

975 978 1059 1003 cum
1076 967 1189 1003 rebus
1205 967 1382 1004 animatis
1395 970 1512 1005 soleat
1528 968 1654 1005 inesse
1673 978 1752 1005 ma-

971 1015 1033 1061 J'or
1043 1014 1352 1060 velocitas,quam
1366 1015 1642 1053 inanimatis.—
1652 1017 1752 1052 Prae·

975 1062 1127 1097 stabunt
1137 1061 1294 1107 viribus,
1306 1062 1531 1110 quicumque
1546 1063 1753 1100 meruerint

977 1107 1147 1155 supernis
1164 1108 1306 1145 civibus
1320 1110 1514 1156 associari,
1534 1110 1573 1147 in
1589 1114 1751 1155 tantum,

978 1160 1020 1192 ut
1035 1155 1249 1192 nullatenus
1261 1155 1332 1192 illis
1344 1157 1527 1195 obsistere
1544 1157 1751 1204 quidquam

978 1203 1118 1246 valeat;
1134 1203 1205 1247 vel,
1225 1204 1255 1239 si
1271 1205 1451 1240 movendo
1466 1208 1533 1241 aut
1547 1204 1752 1241 evertendo

977 1250 1163 1285 voluerint
1181 1250 1323 1296 aliquid
1341 1262 1364 1287 a
1381 1262 1447 1288 suo
1468 1255 1565 1288 statu
1586 1262 1751 1298 quomo-

979 1297 1189 1342 documque
1207 1298 1405 1336 divertere.
1422 1310 1498 1335 non
1516 1299 1614 1335 illico
1629 1298 1750 1335 cedat.

978 1345 1052 1379 Nec
1075 1343 1113 1378 in
1136 1355 1180 1380 eo
1207 1345 1306 1390 qnod
1335 1345 1506 1390 dicimus,
1530 1345 1664 1392 majori
1688 1356 1752 1382 co-

979 1393 1069 1426 natu
1081 1391 1207 1427 Sancti
1217 1395 1305 1427 tunc
1314 1392 1552 1438 laborabunt,
1562 1403 1674 1439 quam
1683 1403 1753 1430 nos

980 1438 1091 1473 modo
1112 1437 1152 1473 in
1175 1441 1280 1474 motu
1307 1439 1501 1476 oculorum
1521 1445 1750 1478 nostrorum.

981 1486 1046 1529 Ne,
1069 1495 1208 1530 quaeso,
1225 1485 1369 1522 excidat
1386 1487 1526 1531 animo,
1544 1498 1657 1533 quam
1672 1486 1752 1524 adi-

980 1531 1182 1578 piscemur,
1192 1533 1421 1579 Angelorum
1436 1534 1656 1580 similitudo,
1669 1544 1756 1581 qua-

981 1584 1090 1615 tenus
1111 1580 1141 1614 si
1161 1579 1219 1616 his
1239 1585 1303 1616 aut
1323 1581 1382 1617 his
1402 1592 1485 1628 quae
1517 1581 1653 1618 dicturi
1684 1592 1754 1618 su—

981 1637 1064 1662 mus
1099 1626 1200 1662 aliud
1231 1629 1442 1674 exemplum
1475 1640 1554 1666 non
1577 1628 1754 1675 occurrit,

981 1673 1062 1719 ipsa
1082 1678 1268 1719 occurrat,
1290 1679 1402 1721 atque
1422 1676 1460 1712 in
1477 1676 1610 1722 quibus
1628 1677 1755 1723 Ange·

981 1720 1037 1756 los
1057 1721 1181 1757 valere
1199 1722 1545 1767 constiterit,etiam
1563 1734 1633 1760 nos
1647 1734 1755 1770 aeque

981 1767 1107 1803 valere
1125 1769 1259 1813 probet
1278 1772 1316 1805 et
1331 1773 1487 1806 asserat.
1507 1791 1551 1797 —
1578 1770 1755 1814 Quicum-

983 1825 1054 1860 que
1074 1813 1188 1860 igitur
1209 1817 1438 1862 Angelorum
1463 1816 1604 1854 fuerint
1628 1817 1756 1854 simili-

982 1860 1152 1897 tudinem
1181 1863 1356 1908 assecuti,
1384 1875 1514 1900 eorum
1541 1875 1690 1912 quoque
1710 1864 1756 1901 li-

983 1908 1168 1944 bertatem
1182 1912 1395 1947 necessario
1411 1915 1670 1957 assequentur.
1686 1913 1757 1948 Ita-

985 1965 1059 2000 que
1093 1955 1187 1992 sicut
1213 1957 1366 2003 Angelis
1391 1958 1485 1994 nihil
1504 1958 1666 2003 obsistit,
1687 1969 1758 1996 nec

985 2002 1127 2047 aliquid
1150 2014 1214 2040 eos
1233 2004 1429 2051 impedire,
1451 2006 1507 2042 vel
1527 2006 1760 2052 constringe-

987 2060 1025 2084 re
1046 2053 1183 2095 potest,
1203 2051 1292 2096 quin
1322 2063 1388 2098 pro
1408 2053 1503 2089 velle
1529 2064 1596 2090 suo
1624 2057 1759 2091 cuncta

984 2096 1174 2133 liberrime
1193 2102 1412 2145 penetrent5
1434 2100 1487 2136 ita
1507 2111 1584 2137 non
1604 2101 1675 2137 erit
1695 2101 1759 2137 ob·

986 2144 1171 2180 staculum
1206 2146 1323 2182 ullum
1345 2148 1443 2193 quod
1475 2159 1545 2184 nos
1575 2148 1756 2195 retardet,

986 2201 1055 2226 nec
1076 2192 1251 2228 clausura
1271 2204 1353 2239 quae
1382 2205 1453 2230 nos
1488 2194 1668 2240 detineat,
1687 2205 1758 2232 nec

987 2237 1215 2275 elementum
1243 2241 1341 2286 quod
1371 2241 1478 2277 nobis
1503 2243 1550 2278 ad
1573 2243 1668 2279 velle
1686 2253 1758 2288 pa—

987 2296 1069 2320 rum
1092 2286 1258 2323 obsistat.
1282 2309 1326 2314 —
1344 2290 1396 2324 De
1410 2289 1570 2326 sanitate
1584 2289 1673 2335 quid
1685 2300 1759 2326 me-

988 2331 1059 2367 lius
1080 2332 1151 2368 dici
1174 2334 1322 2379 poterit,
1344 2347 1457 2381 quam
1478 2337 1577 2382 quod
1599 2336 1757 2374 Psalmi-

989 2382 1045 2415 sla
1072 2380 1170 2416 canit
1194 2392 1201 2416 ι
1224 2383 1345 2426 Salus,
1370 2382 1559 2429 inquiens,
1575 2385 1758 2429 Justorum

988 2438 1007 2460 α
1023 2429 1176 2463 Domino
1192 2430 1210 2463 ἵ)
1224 2429 1365 2471 Quibus
1386 2434 1510 2466 autem
1525 2431 1635 2467 suerit
1654 2442 1676 2468 a
1689 2433 1758 2468 Do-

988 2473 1090 2509 mino
1110 2485 1196 2510 vera
1209 2476 1364 2521 sanitas,
1381 2488 1463 2523 quae
1475 2489 1670 2525 surrepere
1682 2480 1758 2524 pot-

990 2522 1059 2555 erit
1094 2522 1322 2559 infirmitas?
1354 2525 1513 2561 Credere
1550 2529 1586 2561 et
1620 2525 1759 2562 incun-

990 2570 1136 2603 ctanter
1156 2574 1324 2607 astruere
1344 2571 1443 2616 licet,
1457 2573 1654 2608 sanitatem
1674 2572 1758 2609 vitae

989 2614 1126 2667 suturae
1147 2615 1199 2652 ita
1212 2618 1341 2664 ,iugem
1361 2623 1396 2654 et
1413 2618 1758 2656 incommutabilem

988 2671 1031 2697 ac
1051 2662 1307 2701 inviolab1lem
1316 2666 1409 2711 fore,
1421 2671 1462 2702 ut
1478 2666 1660 2703 ineffabili
1671 2677 1758 2712 qua-

988 2708 1075 2761 dam
1096 2712 1207 2755 atque
1230 2712 1398 2748 sensibili
1420 2713 1612 2750 suavitatis
1636 2714 1757 2750 dulce-

988 2755 1074 2791 d1ne
1093 2760 1213 2793 totum
1228 2759 1420 2796 hominem
1438 2761 1608 2807 repleat;
1630 2765 1667 2797 et
1681 2770 1758 2797 om-

988 2812 1033 2838 ne
1055 2803 1155 2849 quod
1174 2804 1330 2851 alicujus
1357 2806 1393 2842 in
1415 2817 1453 2843 se
1474 2806 1757 2855 vicissitudinis,
