1924 3157
194 210 253 239 *tto
629 204 832 237 SECUNDA-z
869 203 1024 237 PAtt'rls
1062 203 1197 235 CAPUT
1238 201 1379 234 LXXVI

194 278 287 317 stus,
320 273 408 320 quia
444 275 482 308 ut
509 271 569 307 hic
603 269 769 306 dicitur:
800 269 967 316 Oportnit

193 322 376 359 Christum
401 320 494 365 pati.
522 321 554 353 et
579 318 634 352 ita
652 319 790 352 intrare
809 319 847 353 in
880 318 965 361 ‚qlo-

189 369 283 404 riam
302 377 427 409 suam;
445 365 658 401 habuerunt
678 375 761 400 eam
781 364 961 410 Apostoli,

189 414 279 461 quia
308 412 606 460 persecutionem
640 421 706 458 pro
743 411 902 455 Christo,
927 414 965 447 ut

187 462 266 509 ipse
303 463 358 498 eis
395 460 628 507 praedixerat.
675 459 934 495 sustinuerunt
953 469 961 501 ;

186 508 328 546 habent
353 518 434 544 eam
469 517 598 543 omnes
625 505 769 550 fideles,
796 506 895 552 qula,
924 509 963 541 ut

186 555 276 592 dicit
309 553 509 601 Apostolus
537 565 545 590 :
568 553 695 590 Omnes
717 556 782 599 qui
804 556 863 599 pie
897 562 961 587 vo-

186 603 267 639 lunt
295 605 416 638 vivere
435 604 474 637 in
499 602 639 638 Christo
668 602 764 643 Jesu,
800 610 963 646 persecu-

186 651 318 686 tionem
342 651 543 696 patientur.
579 647 647 691 Qui
681 658 769 693 ergo
797 647 872 683 vult
901 656 960 682 as-

184 696 291 744 sequi
309 702 489 734 aeteruam
524 695 793 732 beatitudinem
815 698 851 730 et
879 694 959 729 nul-

183 744 258 781 lam
280 743 356 791 pati
380 742 674 782 tribulationem,
697 742 843 777 videtur
860 740 961 787 quod

183 791 272 828 velit
293 803 375 828 esse
400 795 436 828 et
457 790 604 827 Clu-isto
629 791 718 826 Jesu
736 789 898 833 dignior,
925 790 961 822 et

182 839 369 886 Apostolis
413 836 591 881 sanctior,
619 839 656 872 et
689 834 831 872 cunctis
861 835 960 870 side-

184 885 282 924 libus
312 885 459 921 melior.

228 936 247 969 5
271 934 450 969 Discirum
486 932 668 968 Camsrmi
708 940 861 965 LONGIUS
901 940 958 965 IRE

182 991 384 1016 FINGENTEM
417 990 568 1015 cocum.
598 998 642 1004 —-
673 979 720 1013 Et
758 978 957 1023 appropin-

182 1031 387 1074 quaverunt
419 1027 568 1063 castelo
592 1035 666 1071 quo
688 1025 805 1067 ibant,
828 1028 861 1059 et
882 1026 959 1070 ipse

181 1074 363 1112 Dominus
378 1085 414 1109 se
439 1075 549 1120 finaeit
570 1073 713 1116 lonyius
734 1074 799 1114 ire,
822 1074 861 1107 ut
887 1073 958 1107 sci-

179 1122 266 1159 licet
289 1132 422 1158 eorum
462 1124 618 1167 augeret
654 1118 893 1162 deddcrium,
922 1123 959 1154 et

179 1168 402 1206 invitaretur
420 1169 467 1204 ab
484 1168 552 1210 eis,
572 1171 608 1203 et
620 1170 826 1202 teneretur.
852 1166 958 1202 Unde

179 1216 232 1253 ait
243 1216 470 1253 Bernardus:
487 1230 505 1248 «
522 1214 729 1252 simulabat
744 1223 783 1249 se
808 1213 958 1259 longius

178 1263 257 1305 ire:
294 1274 370 1300 non
391 1263 478 1309 quia
515 1262 676 1306 volebat,
715 1261 780 1296 scd
810 1260 959 1297 volebat

181 1311 313 1348 audire
330 1327 337 1346 :
355 1313 461 1346 Mane
474 1310 674 1351 nobiscum,
692 1310 851 1348 Domine,
868 1319 956 1353 quo-

180 1361 281 1394 niam
301 1358 573 1403 advesperascit
601 1371 608 1392 z
634 1369 651 1389 »
684 1356 764 1391 haec
800 1357 956 1391 Bernar-

181 1405 264 1442 dus.
287 1407 327 1441 ln
349 1406 418 1441 hoc
438 1408 564 1440 tamen
586 1403 690 1439 nulla
711 1402 853 1438 salsitas
874 1401 956 1447 fuit,

182 1452 269 1499 quia
286 1452 380 1489 sicut
403 1451 544 1498 aliquid
565 1454 687 1497 potest
707 1449 796 1495 fingi
820 1449 956 1493 verbis,

182 1500 236 1537 ita
256 1504 294 1536 et
312 1499 432 1536 factis.
454 1498 620 1535 Primum
641 1501 764 1533 autem
788 1497 856 1532 suit
878 1497 958 1533 sine

182 1547 359 1590 falsitate,
381 1551 421 1583 ut
442 1549 543 1593 patet
563 1544 600 1581 in
625 1544 811 1591 parabolis
835 1546 958 1580 Testa-

181 1597 297 1632 menti
319 1593 410 1631 Novi
428 1598 465 1630 et
484 1591 640 1636 Veteris,
657 1592 792 1638 quibus
816 1591 958 1638 aliquid

182 1641 340 1689 fingitur
357 1640 479 1678 verbis
505 1641 551 1676 ad
576 1639 772 1676 veritatem
793 1639 957 1685 aliquam

181 1688 468 1726 convenientius
484 1686 770 1733 designandam,
782 1687 883 1732 atqui
897 1697 957 1723 eo-

180 1737 267 1774 dem
286 1736 398 1772 modo
419 1736 479 1771 hic
498 1735 668 1771 Christus
691 1733 793 1769 linxit
811 1745 850 1770 se
872 1735 956 1770 lon-

179 1783 262 1830 gius
282 1783 351 1827 ire,
377 1783 424 1819 ad
446 1781 715 1828 designandam
739 1780 956 1818 distantiam

179 1841 201 1868 a
219 1831 394 1867 cordibus
425 1839 555 1866 eorum
580 1832 732 1875 propter
754 1827 841 1864 fidei
857 1828 956 1865 dese-

179 1881 294 1915 ctum.
319 1878 421 1914 Unde
441 1876 493 1913 ait
514 1878 744 1920 Augyuscinus
768 1887 775 1911 :
811 1889 828 1909 α
850 1876 955 1919 Quod

181 1936 256 1962 non
296 1924 343 1961 ad
379 1922 621 1960 mendacium
662 1922 825 1968 pertinet
848 1934 854 1958 :
879 1934 955 1959 non

181 1972 282 2010 enim
297 1971 396 2018 quod
412 1969 603 2016 fingimus,
620 1969 858 2006 mendacium
879 1974 954 2013 est;

181 2020 247 2056 sed
274 2018 423 2066 quando
456 2018 493 2054 id
517 2017 707 2063 fingimus,
729 2018 827 2063 quod
864 2017 956 2053 nihil

181 2066 382 2113 significat.
424 2066 514 2102 Cum
549 2068 675 2101 autem
702 2064 803 2099 fictio
831 2069 958 2101 nostra

182 2115 301 2151 fertur
337 2113 385 2150 ad
425 2112 590 2158 aliquam
626 2111 955 2157 significationem,

181 2172 257 2198 non
278 2165 334 2197 est
355 2159 606 2204 mendacium,
621 2161 684 2194 sed
706 2158 833 2205 aliqua
860 2159 955 2205 figu-

183 2219 224 2245 ra
250 2207 439 2251 veritatis;
473 2207 569 2243 sicut
606 2210 731 2242 autem
769 2210 880 2251 dicta,
903 2207 955 2243 ita

181 2255 295 2292 ctiam
316 2255 513 2302 finguntur
535 2256 631 2290 t'acta
642 2253 722 2290 sine
740 2253 951 2299 mendacio,

179 2303 226 2340 ad
247 2303 411 2349 aliquam
438 2312 518 2338 rem
546 2301 795 2347 signandam:
823 2316 835 2332 r»
874 2302 953 2337 haec

179 2350 420 2394 Auqustinus.
442 2348 515 2396 Ipsi
542 2353 667 2385 autem
697 2347 952 2384 de÷ideranies

176 2397 300 2434 adhuc
325 2396 454 2433 audire
475 2396 611 2443 ipsum,
636 2399 826 2439 coeperunt
847 2397 951 2432 illam

176 2444 296 2488 factis,
321 2443 463 2480 scilicet
503 2443 676 2479 manibus
704 2443 888 2479 trahendo
911 2447 951 2479 ut

172 2496 354 2535 maneret,
380 2501 423 2527 ac
444 2490 567 2527 verbis
587 2494 624 2526 et
644 2490 850 2526 rationibus
867 2490 948 2526 alli-

170 2538 303 2576 ciendo
333 2537 470 2574 obnixe
491 2541 732 2583 rogaverunt,
758 2538 915 2573 dicentes
937 2550 946 2573 :

167 2587 276 2623 Mane
298 2586 498 2626 nobiscum,
533 2587 706 2631 quoniam
732 2585 950 2630 advespera-

167 2635 250 2678 scit,
273 2636 306 2670 et
325 2633 507 2668 inclinata
526 2636 579 2667 est
593 2632 675 2677 jam
693 2633 784 2676 dies,
806 2632 948 2668 scilicet

165 2680 213 2717 ad
234 2689 423 2717 occasum.
442 2680 520 2722 Quo
543 2679 945 2724 exemplo,secundum

145 2767 150 2774 ⁴
169 2727 395 2773 Gregorium,
414 2724 615 2772 colligitur.
639 2726 738 2771 quod
757 2726 943 2772 peregrini

166 2785 243 2812 non
278 2774 400 2812 solum
431 2773 479 2810 ad
522 2771 722 2819 hospitium
761 2772 943 2810 invitandi

167 2825 269 2867 sunt,
307 2820 373 2858 sed
411 2819 522 2857 etiam
559 2819 744 2856 trahendi.
781 2821 941 2864 Quilibet

1040 269 1151 304 morti
1170 267 1486 313 appropinquans,
1499 272 1536 305 et
1553 270 1601 306 ad
1612 278 1810 315 vesperum

1040 327 1104 352 seu
1125 325 1297 351 occasum
1317 314 1401 350 vitae
1421 315 1590 353 tendens.
1607 326 1811 363 congruen-

1038 362 1216 398 teretium
1229 365 1349 407 posset
1365 363 1432 398 boc
1452 362 1606 399 verbum
1622 363 1759 406 dicere,
1774 366 1810 399 et

1040 410 1236 446 Dominum
1251 409 1297 445 ad
1313 409 1539 446 manendum
1552 421 1678 447 secum
1699 410 1808 447 corde

1038 463 1075 493 et
1095 467 1159 492 ore
1180 456 1352 492 invitare.

1085 507 1104 540 6
1129 505 1290 540 Domuus
1308 515 1344 539 IN
1365 515 1560 540 anterioris
1587 515 1689 541 rimis
1715 516 1808 540 coe-

1036 562 1220 588 N05C1Tun.
1250 572 1295 577 —
1312 553 1357 587 Et
1378 551 1530 587 taudem
1552 553 1705 588 intravit
1730 562 1809 588 eum

1035 600 1125 634 illis.
1148 601 1194 634 Et
1218 600 1358 643 facturn
1378 603 1443 643 est,
1473 599 1560 634 dum
1592 599 1808 635 recumberet

1035 657 1114 681 cum
1135 648 1197 685 eis.
1215 649 1352 692 aceepit
1367 657 1495 688 panem
1517 649 1549 681 et
1562 646 1749 682 benediaett
1766 657 1807 682 ac

1032 694 1158 737 freyn.
1176 697 1207 728 et
1219 694 1428 739 porriyebat
1442 695 1534 728 illis.
1551 693 1732 740 Conspice
1748 693 1808 729 be-

1033 751 1079 776 ne
1095 741 1283 786 quomodo
1298 741 1345 776 ad
1360 751 1489 776 eorum
1501 740 1758 777 invitationem
1770 743 1806 776 et

1035 790 1264 824 coactionem
1296 787 1458 834 benigne
1485 798 1569 824 cum
1607 787 1662 824 eis
1692 787 1808 827 intrat

1035 834 1212 871 Dominus
1230 847 1237 870 :
1255 845 1422 871 mensam
1436 838 1592 879 ponunt,
1606 835 1709 871 cibos
1720 834 1806 871 otre-

1034 886 1137 926 runt;
1160 882 1239 928 ipse
1263 893 1379 928 panes
1414 881 1549 928 accipit
1574 893 1617 918 ac
1650 881 1803 919 benedi-

1033 940 1133 971 cens,
1151 940 1214 965 eos
1235 929 1408 966 minibus
1424 929 1688 966 sacratissimis
1708 930 1806 966 fran-

1032 978 1086 1021 git
1104 980 1141 1012 et
1181 976 1337 1022 porrigit
1376 977 1462 1020 illis,
1499 976 1642 1013 faciens
1663 976 1700 1013 in
1737 977 1807 1013 hoc

1033 1023 1127 1059 sicut
1149 1027 1235 1059 ante
1259 1024 1489 1067 Passionem,
1514 1024 1666 1070 quando
1685 1024 1808 1061 adhuc

1032 1070 1130 1107 inter
1152 1082 1216 1107 eos
1235 1073 1528 1108 conversabatur
1547 1082 1611 1107 seu
1633 1073 1806 1108 moraba-

1031 1122 1105 1162 tur,
1137 1119 1259 1155 facere
1289 1123 1544 1155 consueverat.
1567 1121 1616 1155 Et
1643 1130 1710 1166 per
1737 1120 1808 1156 hoc

1032 1165 1194 1212 seipsum
1216 1166 1270 1202 eis
1296 1168 1451 1210 revelat,
1480 1165 1566 1212 quia
1589 1173 1676 1203 tunc
1689 1168 1808 1212 aperti

1031 1218 1115 1249 sunt
1135 1215 1231 1249 oculi
1249 1224 1382 1255 eoram,
1404 1213 1546 1249 scilicet
1579 1213 1804 1259 interiores;

1031 1265 1063 1296 et
1088 1265 1327 1305 cognoverunt
1352 1272 1444 1305 eum,
1465 1260 1502 1296 in
1526 1261 1635 1297 modo
1654 1260 1804 1298 fractio-

1032 1307 1088 1343 nis
1108 1308 1228 1355 panis,
1250 1314 1438 1344 assuetam
1459 1308 1540 1354 ejus
1561 1307 1803 1345 consuetudi-

1032 1366 1117 1391 nem
1139 1358 1321 1399 vulcutes,
1337 1355 1389 1391 sic
1410 1355 1511 1391 enim
1533 1356 1729 1402 frangebat
1743 1366 1803 1403 pa-

1034 1413 1117 1439 nem
1133 1403 1212 1438 sola
1235 1414 1360 1446 manu,
1376 1413 1418 1439 ac
1431 1403 1459 1438 si
1474 1403 1706 1439 scinderetur
1720 1414 1804 1440 cum
1854 1411 1856 1413 ’

1031 1451 1180 1486 cutello.
1209 1451 1470 1496 Cognoverunt
1495 1449 1609 1496 igitur
1632 1450 1736 1487 illum
1762 1461 1805 1487 ex

1032 1497 1142 1533 modo
1168 1497 1362 1543 frangendi
1379 1501 1416 1533 et
1433 1497 1543 1533 etiam
1556 1497 1804 1535 benedicendi

1031 1555 1179 1590 panem.
1205 1545 1353 1590 Legitur
1373 1544 1475 1581 enim
1496 1555 1632 1591 panem
1649 1544 1702 1582 sic
1724 1545 1804 1582 sre-

1030 1593 1128 1637 gisse
1153 1595 1189 1628 et
1208 1592 1443 1629 benedixisse
1469 1592 1610 1638 pluries
1633 1604 1642 1628 ε
1666 1592 1803 1640 primo,

1030 1639 1067 1674 in
1101 1639 1267 1685 quinque
1303 1650 1441 1686 panum
1470 1639 1802 1687 multiplicatione3

1031 1688 1209 1730 secundo,
1232 1686 1271 1722 in
1293 1694 1436 1733 septem
1457 1697 1597 1733 panum
1624 1687 1804 1724 distribu-

1030 1736 1129 1769 tione
1147 1745 1155 1777 ;
1176 1734 1301 1778 tertio,
1326 1736 1361 1770 in
1383 1734 1439 1771 sui
1478 1734 1653 1780 Corp-›ris
1674 1745 1804 1771 conse-

1031 1781 1196 1817 cratione
1216 1785 1385 1827 ;quarto,
1406 1781 1466 1817 hic
1483 1782 1520 1817 in
1535 1781 1804 1829 discipulorum

1031 1828 1319 1864 illuminatione.
1342 1830 1380 1864 In
1410 1829 1467 1864 his
1494 1833 1619 1865 autem
1643 1834 1804 1875 quatuor

1030 1875 1289 1919 fractionibus,
1312 1876 1547 1922 significatur
1570 1877 1804 1923 quadruplex

1030 1923 1211 1968 expositio
1255 1926 1376 1959 Sacrae
1413 1922 1628 1969 Scripturae,
1665 1934 1799 1960 secun:

1030 1970 1117 2005 dum
1153 1973 1313 2016 quatuor
1335 1972 1416 2017 ejus
1447 1981 1594 2016 sensus,
1625 1970 1766 2008 scilicet
1785 1990 1801 1998 ·

1030 2016 1263 2056 historicum.
1300 2017 1586 2064 tropologicum,
1625 2018 1800 2062 allegori-

1030 2068 1173 2108 cum‚et
1191 2065 1450 2112 anagogicum.
1468 2064 1534 2102 Ubi
1550 2067 1799 2110 Auqustinus:

1032 2126 1049 2145 α
1071 2114 1151 2148 Non
1189 2114 1478 2158 incongruenter
1501 2112 1705 2160 accipimus
1732 2114 1802 2149 hoc

1030 2159 1339 2204 impedimentum
1360 2161 1397 2196 in
1417 2160 1533 2197 oculis
1549 2171 1715 2197 eoruma
1735 2161 1798 2197 Sa-

1027 2211 1115 2243 tana
1140 2207 1268 2251 tuisse,
1292 2218 1338 2243 ne
1373 2212 1639 2254 agnosceretur
1663 2210 1798 2252 Jcsus;

1027 2255 1093 2290 sed
1112 2260 1234 2290 tamen
1251 2265 1272 2290 a
1293 2254 1441 2290 Christo
1461 2256 1556 2291 t'acta
1573 2258 1627 2292 est
1645 2255 1800 2302 permis·

1026 2301 1081 2337 sio
1104 2313 1218 2347 usque
1248 2302 1295 2338 ad
1316 2306 1591 2338 >aeramentum
1619 2302 1737 2348 panis,
1759 2306 1800 2339 ut

1025 2348 1168 2385 unitate
1188 2349 1363 2395 Corporis
1384 2350 1466 2396 ejus
1481 2349 1717 2396 participata,
1739 2361 1797 2387 re-

1025 2396 1164 2432 moveri
1178 2396 1410 2442 intelligatur
1425 2396 1732 2443 impedimentum
1747 2398 1800 2433 in-

1022 2442 1186 2487 imici,ut
1202 2443 1370 2480 Christus
1385 2444 1501 2490 possit
1523 2444 1674 2490 agnosci
1689 2444 1796 2482 ».Ubi

1022 2490 1074 2526 ait
1094 2496 1130 2526 et
1152 2493 1370 2536 Theophilus
1391 2503 1399 2526 :
1419 2506 1437 2524 «
1457 2492 1528 2528 Sed
1547 2496 1583 2528 et
1603 2491 1703 2528 aliud
1723 2492 1794 2528 hoc

1021 2537 1155 2577 innuit.
1180 2539 1280 2584 quod
1308 2538 1462 2582 scilicet,
1485 2538 1719 2575 sumentibm
1737 2549 1791 2575 sa·

1020 2595 1122 2621 crum
1141 2587 1793 2632 panem,aperiunturoruli.uteum

1019 2637 1240 2678 agnoscant,
1261 2643 1438 2679 maguam
1453 2633 1552 2670 euim
1570 2637 1608 2669 et
1624 2632 1794 2670 ineffabi-

1017 2679 1091 2715 lem
1115 2679 1186 2716 vim
1222 2681 1335 2716 habet
1357 2680 1501 2716 Domini
1525 2690 1611 2717 caro
1640 2692 1648 2715 z
1674 2696 1689 2710 n
1712 2681 1792 2718 haec

1019 2728 1254 2772 Theophilus.
1278 2728 1352 2763 Ista
1372 2727 1471 2764 circa
1499 2727 1703 2774 discipulus
1723 2738 1790 2774 ge-

1016 2777 1073 2810 sta
1094 2774 1259 2819 quotidie
1285 2773 1374 2810 facit
1394 2774 1573 2811 Dominus
1596 2773 1791 2812 nobiscum

1016 2820 1268 2865 invisibiliter,
1291 2824 1326 2857 et
1344 2820 1382 2857 in
1404 2822 1544 2867 anima,
1561 2831 1649 2858 nam
1669 2821 1791 2858 teneri
