1924 3157
197 188 255 224 222
617 184 817 217 ³50?an
857 182 1011 216 murts
1052 181 1186 214 CAPUT
1229 180 1413 213 txxvlll

198 265 230 298 et
247 262 389 296 mittum
406 258 564 298 diuitum
583 265 697 289 meum
715 256 752 289 in
771 255 885 289 locum
905 254 976 288 cla-

199 319 339 349 vorum,
355 310 388 341 et
408 306 550 339 mittum
570 313 716 337 manum
734 312 848 336 mcum
865 303 902 335 in
922 301 975 334 Ια-

202 360 258 392 tus
278 364 370 398 ejus,
383 362 452 387 non
467 351 622 387 credam.
642 351 752 386 Jesus
766 359 852 384 vero
872 346 976 393 quasi

201 400 444 447 respondens,
477 397 566 434 divit
597 398 628 433 ei
654 408 662 432 :
689 399 789 438 Infer
820 396 977 439 digitum

200 454 301 486 tuum
323 449 402 489 huo,
418 445 559 481 scilieet
574 443 613 480 in
633 444 756 480 locum
773 442 975 483 clavorum,

202 500 235 533 et
255 496 337 531 vide
356 503 483 529 manus
504 493 711 539 perforatas
731 495 767 526 et
786 492 977 526 clavorum

203 544 355 580 fixuras.
389 540 528 576 Deinde
561 540 753 585 subjungit
780 548 788 573 :
815 539 862 573 Et
889 536 980 581 affer

203 601 349 626 manum
373 592 486 631 tuam,
508 591 540 623 et
561 589 662 622 mitte
682 587 720 621 in
745 586 840 620 latus
865 593 980 618 meum

204 638 334 674 lancea
354 636 598 682 pei-foratum,
611 638 646 670 et
668 642 850 677 cognosce
870 641 927 666 me
944 629 981 664 il-

202 685 279 722 lum
294 683 467 720 eumdem
480 692 574 725 esse,
585 682 646 726 qui
659 681 835 727 pependit
847 678 885 713 in
898 688 980 713 cru-

204 743 258 770 ce.
283 734 452 777 Magnum
470 732 569 765 certe
589 728 656 764 suit
671 728 803 763 vulnus
818 725 908 761 illud
929 735 983 760 sa-

204 777 403 817 cratissimi
418 776 559 818 lateris,
573 775 612 811 in
627 786 700 821 qui»
716 785 789 810 non
811 771 981 818 digitum,

205 827 269 864 sed
289 835 443 863 manum
464 825 612 859 mittere
628 822 800 858 debebat.
818 819 983 865 Mystice,

205 885 273 922 per
289 873 445 919 digitum
465 869 698 917 significatur
713 866 902 910 discretio,
917 876 985 912 per

206 931 358 958 manum
387 929 480 965 opus
513 921 704 960 nostrum;
737 919 864 950 monet
895 923 983 959 ergo

207 967 366 1015 digitum
387 971 422 1001 et
442 975 593 1001 manum
608 964 643 999 in
659 965 780 999 locum
794 965 985 997 clavorum

191 1023 243 1052 ‘et
264 1016 405 1051 lanceae
428 1015 589 1055 mittere,
606 1015 645 1047 ut
664 1008 843 1057 quidquid
864 1010 903 1044 in
923 1019 986 1043 no-

207 1063 266 1100 bis
288 1065 344 1098 est
362 1058 598 1097 disi-retioni-
612 1062 649 1095 et
667 1057 802 1104 operia
815 1056 853 1092 in
875 1054 985 1091 servi-

207 1111 300 1147 tium
315 1108 452 1146 Christi
470 1108 724 1153 expendamus
753 1103 893 1140 Deinde
904 1103 986 1139 sub-

210 1157 293 1194 dit:
321 1159 362 1193 Et
390 1156 466 1192 noli
496 1165 570 1190 esse
590 1153 812 1194 incredulus,
833 1152 903 1187 hoc
931 1155 987 1187 est

208 1206 256 1242 ad
276 1205 503 1240 rredendum
522 1201 664 1245 tardu<‚
683 1201 746 1236 sed
764 1200 896 1245 fidelis,
918 1199 986 1235 hoc

209 1257 261 1290 e-t
278 1252 351 1288 fide
368 1251 515 1293 firmus,
531 1259 618 1294 quia
632 1247 669 1284 in
683 1251 832 1292 peccato
853 1246 987 1282 infide-

209 1300 325 1336 litatis
358 1308 418 1334 me
448 1297 582 1332 iterum
611 1295 811 1342 crucifigis,
835 1303 986 1330 causam

212 1358 307 1384 meae
329 1347 469 1382 iterans
491 1343 690 1380 Passionis.
716 1344 791 1378 Hoc
814 1341 903 1377 dixit
923 1343 986 1378 Je-

212 1406 287 1438 suS,
308 1393 396 1439 quia
421 1392 580 1428 Thomas
611 1390 755 1426 dixerat
780 1389 985 1435 discipulis,

210 1439 534 1479 Resurrectionem
553 1437 687 1475 Chri-ii
709 1436 985 1480 nuntiantibus,

210 1501 247 1525 se
269 1488 378 1526 aliter
405 1498 478 1523 non
502 1486 744 1522 crediturum.
769 1486 870 1521 Sicut
899 1494 987 1531 ergo

213 1538 373 1574 Thomas
386 1546 463 1581 prae
485 1537 550 1570 cet·
566 1533 616 1569 ris
637 1531 833 1575 dubitavit,
847 1533 897 1567 ita
914 1542 989 1575 nrae

214 1584 346 1621 ceteris
360 1583 512 1629 palpare
529 1585 565 1617 et
579 1580 704 1616 videre
720 1583 906 1616 monetur.
924 1578 989 1615 Ubi

213 1633 484 1676 chrysostomus
502 1642 511 1665 :
530 1643 549 1662 «
564 1630 616 1664 Tu
633 1639 733 1665 vero,
748 1638 838 1663 cum
855 1626 992 1663 videris

215 1679 480 1717 decredentem
494 1675 730 1722 discipulum,
741 1675 911 1721 excogita
924 1676 992 1710 Uo-

213 1725 412 1765 minatoris
429 1723 681 1765 clementiam,
698 1723 861 1768 qualiter
881 1723 994 1758 etiam

213 1786 281 1823 pro
303 1784 376 1811 una
396 1774 525 1809 anima
544 1772 708 1807 ostendit
725 1769 889 1816 sapsam
907 1770 995 1805 vul—

215 1833 306 1859 nera
335 1821 550 1860 habentem,
571 1823 607 1854 et
635 1817 780 1853 accedit
807 1821 846 1853 ut
879 1816 997 1852 salvet

215 1879 351 1912 unum;
375 1878 449 1904 non
483 1876 583 1902 enim
611 1864 645 1901 ei
676 1864 801 1900 statim
826 1868 994 1910 apparet,

217 1917 280 1954 sed
303 1918 388 1963 post
408 1916 487 1950 dies
515 1917 597 1949 octo
622 1918 660 1949 ut
683 1923 718 1947 in
742 1912 879 1954 medio,
899 1923 920 1947 a
940 1910 994 1947 ‹ii-

224 1963 378 2011 scipulis
404 1960 621 1998 admonitus
653 1970 727 1995 arc«
745 1960 923 1995 rideretur
950 1958 998 1995 ad

222 2013 342 2057 majus
357 2008 598 2052 desiderium,
612 2010 647 2043 ct
663 2007 811 2043 fidelior
836 2006 945 2042 fieret
961 2008 997 2042 in

219 2059 402 2095 futurum.
436 2070 452 2090 »
481 2057 582 2092 Tunc
617 2056 770 2091 Thomas
806 2053 996 2090 cicatrires

218 2107 366 2143 Domini
399 2103 536 2147 teum,
558 2105 593 2138 et
625 2113 699 2139 non
733 2101 854 2138 solum
885 2101 997 2137 corde

218 2152 420 2195 credendo,
444 2151 510 2187 sed
538 2149 650 2186 etiam
678 2160 742 2186 ore
769 2148 996 2193 confitendo,

221 2201 308 2248 quia
323 2204 522 2244 utrumque
543 2198 590 2234 ad
606 2196 764 2233 salutem
780 2196 997 2243 requiritur,

221 2249 431 2287 exclamans
445 2245 631 2292 respondit
645 2248 678 2280 et
693 2245 791 2280 dixit
808 2247 860 2280 ei:
883 2245 1000 2280 Domi-

221 2308 287 2332 nus
312 2305 408 2330 meus
446 2297 479 2329 et
504 2295 597 2329 Deus
619 2302 730 2330 meus.
760 2290 901 2327 scilicet
928 2302 936 2327 :
961 2295 1001 2327 tu

221 2354 262 2381 es
279 2345 452 2379 Dominus
470 2351 582 2383 meus,
602 2339 807 2376 secundum
831 2339 942 2375 huma
952 2339 1002 2373 ni-

223 2395 352 2432 tatem,
374 2389 412 2425 in
438 2399 511 2433 qua
531 2398 590 2423 me
624 2386 808 2433 sanguine
834 2391 898 2422 tuo
921 2385 1002 2421 red-

220 2437 344 2475 emisti
366 2440 402 2471 et
437 2435 684 2481 comparasti,
713 2438 746 2469 et
777 2436 871 2469 Deus
889 2444 1000 2477 meus,

222 2486 426 2522 secundum
438 2482 686 2523 divinitatem,
698 2492 770 2526 qno
785 2492 840 2516 me
853 2479 1001 2524 creasti,

221 2537 258 2569 et
274 2532 320 2568 de
337 2530 422 2566 limo
445 2529 632 2572 sormasti;
650 2529 728 2575 Jam
747 2527 836 2563 nibil
857 2527 1001 2572 dubito,

221 2584 344 2616 certus
354 2587 452 2620 sum,
463 2580 644 2612 contii-mo
659 2575 1001 2618 Resurrectionem,

222 2626 386 2674 praedico
407 2623 723 2660 iu.m·»rtalitateiii
743 2627 803 2658 :tu
819 2633 859 2658 es
877 2622 999 2658 Domi-

224 2685 294 2711 nus
314 2683 433 2715 meus,
451 2670 683 2719 etrMagister
704 2681 822 2713 meus,
841 2680 911 2713 ego
931 2680 1003 2705 ser-

226 2732 295 2758 vus
316 2729 412 2764 tuus,
430 2722 467 2755 et
487 2717 586 2753 lilius
605 2717 751 2753 ancillae
778 2724 877 2760 tuae3
900 2721 938 2752 tu
967 2728 1005 2752 es

228 2768 390 2815 denique
421 2767 516 2802 Deus
542 2775 658 2807 meus,
685 2775 745 2810 qui
769 2775 828 2801 me
855 2763 1003 2809 creasti,

230 2822 263 2854 et
284 2828 349 2864 pri:
368 2825 428 2852 me
447 2823 595 2850 carnem
617 2811 822 2859 suscepisti,
839 2813 1006 2860 quamzut

1051 262 1109 287 me
1136 250 1355 292 redimeres,
1376 248 1487 285 morti
1514 247 1713 291 tradidisti,
1732 248 1769 282 et
1787 249 1832 282 ut
1878 272 1885 278 .

1054 309 1110 334 me
1131 302 1251 333 tecum
1275 297 1532 339 resuscitares,
1549 306 1649 331 nunc
1667 305 1690 330 a
1710 297 1829 330 morte

1051 344 1285 381 muri-existi
1309 355 1317 379 ι
1342 345 1421 379 haec
1455 348 1511 379 est
1536 343 1630 378 fides
1660 352 1756 384 mea,
1778 340 1831 376 ita

1050 391 1187 435 ¹sentio,
1211 395 1247 427 rt
1272 391 1324 426 ita
1354 390 1478 426 credo.
1502 390 1528 425 Ο
1558 389 1643 425 felix
1672 390 1829 431 Tuoma,

1053 450 1162 485 quam
1184 438 1328 474 felicem
1348 437 1479 474 habuit
1494 435 1683 472 licentiam
1699 444 1830 471 manus

1052 486 1138 522 tua!
1158 487 1292 531 Magna
1309 485 1443 531 quippe
1466 483 1630 526 licentia,
1645 486 1682 519 et
1698 491 1832 527 magna

1053 535 1174 579 gratia
1194 539 1250 569 νει
1271 532 1418 568 mittere
1436 541 1590 568 manum
1611 530 1648 565 in
1671 529 1769 565 latus
1787 527 1831 564 il-

1053 581 1116 617 lud
1143 580 1416 622 dulcissimum,
1437 578 1477 614 in
1504 579 1600 614 latus
1620 576 1712 613 illud
1731 577 1834 612 salu-

1053 628 1276 671 berrimum,
1295 627 1333 663 in
1352 627 1462 671 Litus,
1479 625 1650 671 inquam,
1669 623 1769 660 unde
1786 622 1832 659 ab

1055 675 1112 712 ira
1131 678 1333 718 salvamur,
1357 674 1455 710 uude
1474 684 1491 709 a
1514 673 1624 719 culpa
1642 680 1832 715 sanamur,

1055 723 1154 759 unde
1175 723 1212 758 in
1234 721 1355 763 ,uratia
1375 730 1655 767 regeneramur,
1677 717 1776 755 unde
1797 717 1834 753 in

1056 770 1173 817 gloria
1194 770 1452 806 sublimamur.

1104 821 1125 854 5
1147 818 1246 853 me
1268 828 1437 853 Mnmwu.
1465 836 1498 841 -
1525 816 1608 861 Ipse
1629 823 1719 860 ergo
1739 812 1835 849 Tho-

1057 875 1151 906 mas,
1185 875 1247 911 qm
1284 864 1419 900 dicitur
1458 863 1648 908 Didymus.
1684 862 1838 907 propter

1058 915 1215 953 dubium
1233 926 1296 952 cor
1316 915 1354 952 in
1376 915 1578 958 credendo,
1598 913 1688 960 quia
1701 910 1838 958 δίδυμος

1059 965 1200 1007 Graece,
1215 965 1380 1007 ‚oeminus
1397 967 1453 999 cst
1466 962 1608 1006 Latine,
1619 961 1713 998 bene
1726 959 1839 997 etiam

1059 1011 1195 1048 dicitur
1211 1011 1376 1055 abyssus,
1394 1009 1478 1057 quia
1493 1008 1730 1046 altitudinem
1746 1007 1839 1044 divi-

1059 1058 1183 1095 nitatis
1204 1062 1306 1094 certa
1325 1058 1398 1094 fide
1420 1056 1641 1104 penetravit.
1654 1056 1840 1101 Quantam

1059 1110 1184 1142 autem
1200 1109 1541 1142 remunerationem
1557 1103 1648 1141 fides
1662 1103 1840 1145 habebat,

1060 1153 1334 1194 manifestatur,
1354 1164 1438 1189 cum
1459 1152 1632 1189 subditur
1653 1162 1662 1187 ε
1686 1152 1789 1186 Dioeit
1809 1151 1842 1186 ei

1058 1203 1174 1244 Jesus,
1198 1200 1447 1237 beatificando
1480 1199 1624 1236 scilicet
1641 1196 1842 1235 confessio-

1062 1260 1145 1284 nem
1168 1248 1284 1295 ipsius
1304 1259 1312 1283 ε
1335 1249 1429 1291 Quia
1455 1248 1584 1283 vidisti
1605 1256 1673 1290 me,
1693 1247 1839 1288 Thema,

1061 1296 1098 1332 id
1119 1300 1176 1332 est
1196 1306 1283 1338 quia
1301 1299 1474 1341 expertus
1495 1305 1548 1338 es,
1569 1293 1680 1330 etiam
1703 1303 1772 1340 per
1790 1296 1842 1329 ta-

1060 1343 1262 1381 ctum.ideo
1277 1344 1479 1384 credidis-n}
1492 1342 1587 1377 beati
1597 1342 1739 1386 quinon
1747 1340 1843 1376 vide-

1059 1395 1204 1435 runt,et
1229 1391 1471 1426 crediderunt.
1498 1391 1537 1425 ln
1564 1389 1635 1425 hoc
1660 1387 1843 1424 versiculo

1062 1449 1136 1474 non
1145 1438 1265 1474 solum
1281 1437 1532 1474 fidesTliomae
1547 1437 1843 1479 commendatur,

1063 1487 1127 1521 sed
1149 1485 1263 1522 etiam
1286 1489 1414 1521 nostra
1441 1486 1542 1521 salus
1563 1485 1688 1521 futura
1708 1482 1843 1529 praedi-

1065 1533 1175 1569 citur.
1189 1534 1240 1569 Ac
1254 1534 1283 1569 si
1308 1534 1450 1569 diceret
1469 1531 1648 1569 Dominus
1669 1543 1678 1570 z
1700 1532 1755 1567 Tu
1769 1529 1846 1575 qui-

1065 1581 1150 1617 dem
1173 1581 1304 1617 beatus
1325 1591 1379 1625 es,
1403 1580 1486 1626 quia
1509 1590 1607 1616 enim
1628 1589 1687 1616 me
1706 1577 1845 1622 vidisti,

1066 1627 1257 1664 credidisti
1276 1640 1283 1670 ;
1307 1630 1371 1664 sed
1392 1632 1427 1664 et
1446 1627 1499 1664 illi
1520 1626 1618 1664 beati
1643 1628 1766 1667 erunt,
1783 1626 1847 1671 qui

1067 1687 1139 1712 non
1171 1677 1339 1712 videntes
1377 1686 1435 1712 me
1470 1686 1641 1722 corpore,
1669 1672 1848 1710 credituri

1069 1727 1156 1759 sunt
1177 1726 1316 1759 mente.
1339 1724 1421 1766 Ubi,
1445 1722 1649 1759 secundum
1670 1721 1848 1765 Auqusti-

1068 1782 1168 1813 num,
1181 1770 1361 1816 praeteriti
1382 1772 1562 1815 temporis
1582 1780 1670 1807 usus
1691 1774 1747 1804 est
1767 1777 1848 1804 ver-

1070 1819 1126 1854 bis
1158 1821 1313 1865 propter
1342 1817 1624 1862 certitudinem3
1655 1820 1850 1861 tamquam

1071 1865 1132 1901 ille
1153 1867 1215 1911 qui
1231 1865 1331 1912 quod
1352 1870 1433 1901 erat
1450 1865 1631 1908 futurum,
1646 1863 1685 1901 in
1702 1873 1770 1900 sua
1788 1873 1851 1900 no-

1071 1916 1177 1966 verat
1213 1912 1545 1960 praedestinatione
1578 1913 1658 1960 Jam
1693 1911 1848 1954 factum,

1071 1971 1159 2006 qma
1192 1960 1292 2006 apud
1328 1960 1409 2008 ejus
1447 1959 1688 2007 praesentiam
1725 1956 1852 1994 omnia

1071 2008 1195 2043 futura
1217 2007 1408 2054 praeterita
1427 2011 1525 2044 sunt.
1546 2007 1618 2045 Sed
1637 2005 1740 2043 aliud
1759 2005 1852 2042 Tho-

1072 2065 1150 2091 mas
1164 2055 1254 2091 vidit
1268 2061 1305 2091 et
1320 2055 1484 2100 palpavit
1496 2065 1673 2102 corpore;
1692 2056 1729 2090 et
1747 2051 1852 2090 aliud

1072 2102 1229 2138 credidit
1265 2103 1377 2139 eorde
1412 2114 1421 2138 ε
1459 2102 1547 2149 quia
1582 2101 1688 2145 fides,
1719 2102 1852 2136 saltem

1072 2150 1196 2196 quoad
1220 2157 1360 2194 actum,
1374 2161 1448 2186 non
1469 2152 1590 2197 potest
1605 2159 1685 2185 esse
1699 2147 1744 2184 de
1766 2145 1851 2184 visis

1072 2201 1110 2234 et
1129 2197 1409 2242 apparentibus,
1429 2199 1518 2244 fides
1537 2206 1698 2243 namque
1720 2199 1773 2231 est
1794 2205 1852 2230 ar-

1073 2250 1295 2290 gumentum,
1317 2245 1352 2281 id
1379 2249 1432 2281 est
1453 2244 1616 2282 ostensio
1636 2254 1708 2280 non
1733 2253 1850 2288 appa-

1073 2294 1250 2345 rentiutm
1270 2303 1430 2339 arguere
1449 2291 1551 2329 enim
1568 2291 1743 2329 dicebant
1760 2287 1852 2326 anti-

1074 2351 1136 2386 qui
1167 2343 1376 2376 osten-iere.
1401 2341 1596 2377 Hominem
1624 2338 1760 2386 qnippe
1787 2347 1852 2373 seu

1075 2387 1346 2423 humanitatem
1364 2387 1454 2423 vidit
1472 2390 1509 2424 et
1528 2385 1665 2430 tetigit,
1678 2389 1715 2422 et
1736 2386 1851 2421 Deum

1075 2445 1141 2470 seu
1162 2434 1353 2479 deitatem,
1375 2445 1458 2481 quae
1479 2434 1518 2471 in
1541 2432 1713 2477 nraesenti
1734 2430 1851 2468 videri

1077 2492 1151 2516 non
1178 2486 1313 2528 potest,
1337 2481 1507 2518 credi-iit.
1531 2480 1695 2518 Dicendo
1719 2478 1818 2516 enim
1840 2489 1849 2514 τ

1075 2531 1247 2565 Dominus
1281 2540 1399 2574 meus,
1432 2530 1636 2566 humanam
1665 2531 1851 2570 naturam,

1077 2575 1134 2611 cui
1156 2576 1282 2612 datum
1309 2583 1365 2613 est
1386 2577 1501 2613 totius
1521 2580 1704 2612 creaturae
1725 2572 1854 2610 dumi·-

1080 2623 1203 2668 nium;
1225 2624 1382 2660 dicendo
1404 2635 1506 2667 vero,
1523 2627 1615 2660 neus
1635 2632 1746 2664 meus,
1765 2618 1856 2656 divi-

1080 2681 1179 2714 nam,
1203 2682 1287 2718 qnae
1311 2671 1437 2707 omnia
1462 2670 1642 2714 condidit,
1664 2668 1855 2705 confes-us

1077 2728 1148 2762 esi,
1164 2725 1200 2754 et
1219 2729 1333 2754 unum
1352 2719 1526 2755 «eumdem
1549 2720 1662 2754 Deum
1682 2721 1719 2752 ‹·t
1736 2713 1858 2751 Domi-

1079 2776 1183 2819 num.
1213 2766 1317 2802 Unde
1346 2767 1593 2812 Theophilus:
1616 2778 1629 2796 ι
1657 2761 1729 2808 Qui
1757 2761 1857 2808 prius

1080 2812 1241 2850 infidelis
1262 2814 1396 2860 fuerat,
1409 2817 1494 2861 post
1513 2810 1640 2850 lateris
1658 2815 1801 2849 tactum
1817 2819 1856 2846 se
