1924 3157
175 163 234 201 266
586 171 794 207 SECUNDAE
830 173 985 209 PARTIS

176 253 293 290 gnum
306 246 343 280 et
359 242 540 279 thronum
556 243 672 280 David
694 245 955 291 obtinendum,

172 292 277 338 juxta
309 290 573 327 miraculosum
601 290 803 330 clamorem
829 294 955 340 populi

173 342 211 375 et
226 339 333 384 juxta
352 337 609 374 testimonium
630 341 731 385 quod
746 340 869 377 fuerat
889 352 957 387 por

173 385 381 430 Prophetas
413 384 658 431 praedictum;
682 389 718 423 et
748 397 860 433 quam
895 399 956 423 cx-

175 432 280 467 tendi
299 431 459 468 vidimus
481 432 528 468 ad
559 432 859 470 convincendum
883 445 956 480 po-

173 478 346 523 tentiam,
369 483 406 515 et
423 489 573 515 omnem
589 480 888 519 adversariorum
915 491 957 518 a·

175 525 327 562 stutiam
349 528 385 561 et
404 526 749 572 machinationem;
773 534 810 565 et
841 539 954 574 quam

175 572 494 610 extendividimus
505 574 552 610 ad
567 578 952 621 praecognoscendum

175 630 326 656 omnem
347 619 560 657 futurorum
577 629 767 666 eventum,
781 626 818 658 et
832 626 950 659 totum

175 665 289 703 seculi
313 666 512 704 decursum
547 679 667 714 usque
691 669 729 705 in
753 670 888 713 finem3
917 673 955 706 et

176 724 289 761 quam
305 713 454 750 extendi
472 714 634 752 vidimus
649 717 695 752 ad
716 717 952 752 tolerandum

176 771 336 806 summe,
357 764 395 797 et
420 761 579 807 fortiter,
602 766 639 799 et
661 763 954 808 magnanimiter

177 818 287 844 omne
314 808 529 847 adversum.
555 813 593 845 et
618 810 806 856 praecipue
833 811 953 847 crucis

175 858 336 891 mortem
363 855 652 902 amarissimam,
674 868 758 903 quae
782 861 837 894 est
857 858 953 894 ulti—

175 911 280 938 mum
304 901 556 946 terribilium3
594 907 629 939 et
663 915 775 950 quam
804 905 952 941 extendi

172 947 336 985 vidimus
376 950 423 985 ad
455 950 721 987 revolvendum
758 952 952 998 proprium

174 999 473 1038 monumentum,
497 1001 533 1033 et
559 998 645 1034 inde
666 999 950 1044 egrediendum,

174 1053 261 1079 cum
283 1045 408 1080 tamen
433 1054 520 1080 vere
551 1048 723 1082 mortuus
743 1046 893 1090 l'uisset;
918 1051 953 1082 et

175 1100 286 1136 quam
308 1091 455 1127 extendi
470 1090 630 1128 vidimus
640 1093 686 1129 ad
705 1093 952 1140 aperiendum

174 1136 324 1185 coelum,
340 1141 376 1174 et
397 1138 444 1174 ad
465 1140 671 1175 sedendum
692 1151 806 1187 super
824 1141 951 1186 regale

173 1187 211 1220 et
231 1185 406 1230 generale
427 1185 557 1231 gloriae
583 1186 717 1223 solium
740 1191 776 1223 ct
795 1190 841 1224 ad
863 1189 950 1224 dex-

170 1233 292 1268 teram
315 1232 435 1268 Patris
461 1244 469 1269 :
492 1232 555 1270 ille
584 1233 713 1280 utique
734 1235 847 1272 homo
865 1246 951 1271 vere

169 1278 240 1315 fuit
269 1280 345 1315 Rex
370 1279 666 1317 virtuosissimus
702 1284 739 1318 et
770 1282 951 1319 Dominus

172 1326 355 1362 omnium.
375 1327 447 1363 Sed
469 1328 581 1364 homo
599 1327 663 1364 ille
678 1328 740 1374 qui
755 1329 876 1366 dictus
897 1333 952 1365 ost
978 1368 979 1371 ,

170 1371 296 1417 Jesus,
319 1374 451 1410 habuit
477 1374 712 1411 conditiones
738 1377 948 1422 praedictas,

172 1419 288 1465 igitur
313 1421 391 1467 ipse
426 1421 495 1457 fuit
516 1422 684 1458 omnium
710 1423 888 1460 Dominus
914 1427 951 1460 et

170 1467 248 1503 Rex
268 1468 467 1505 virtuosus.
488 1470 591 1506 Hanc
610 1469 795 1507 minorem
808 1471 950 1508 seriose

171 1514 321 1550 Marcus
351 1515 518 1561 deducit,
546 1520 583 1553 et
611 1522 794 1562 quantum
820 1519 867 1554 ad
898 1519 950 1555 vi-

170 1560 264 1606 ginti
293 1563 528 1600 conditiones
560 1565 654 1611 eJ'us,
686 1564 724 1601 in
748 1566 949 1612 Evangelio

168 1618 238 1645 suo
258 1609 406 1655 probat.

223 1671 264 1692 10
283 1657 399 1693 LUCAs
422 1668 561 1695 PROBAT
578 1660 656 1696 EUM
673 1671 756 1696 Esse
770 1661 949 1698 SALVATO-

171 1713 251 1756 REM.
272 1716 447 1742 HOMINUM.
472 1727 513 1733 —
543 1708 660 1744 Lucas
694 1712 833 1752 autem,
855 1710 949 1755 Apo-

168 1752 253 1786 stoli
272 1752 378 1788 Pauli
406 1753 620 1800 discipulus,
646 1754 708 1801 qui
736 1755 773 1791 in
795 1756 945 1792 Achaiae

169 1800 206 1833 et
216 1797 399 1845 Bithyniae
411 1802 580 1846 partibus
592 1802 835 1847 Evangelium
847 1803 946 1839 Grae-

170 1854 213 1881 ce
239 1847 419 1891 condidit,
441 1847 602 1884 intendit
627 1849 736 1884 istam
762 1850 944 1886 conclusi-
972 1875 973 1889 i

168 1901 295 1937 onem,
315 1893 455 1930 scilicet
474 1895 572 1940 quod
592 1896 704 1931 homo
727 1895 789 1932 ille
811 1897 874 1940 qui
896 1897 946 1933 di·
971 1899 973 1939 ξ

168 1941 249 1975 ctus
264 1944 319 1976 est
332 1942 455 1986 Jesus,
470 1942 539 1977 fuit
554 1943 723 1978 Salvator
733 1943 942 1990 hominum,
971 1943 973 1987 j

169 1989 206 2021 et
223 1987 389 2025 medicus
405 1988 630 2034 animarum,
651 1991 748 2036 quod
767 1990 862 2027 bene
880 1993 947 2028 Lu-

170 2043 222 2069 cae
233 2036 476 2082 congruebat,
488 2036 576 2083 quia
584 2042 665 2073 erat
675 2040 755 2074 arte
764 2039 944 2085 medicus,

169 2085 212 2117 ut
238 2081 328 2118 dicit
352 2085 606 2129 Hieronymus.
630 2085 723 2120 Hinc
752 2088 822 2131 est,
845 2087 945 2132 quod
970 2086 972 2100 ¹

169 2128 210 2164 in
228 2128 350 2175 primo
365 2132 527 2177 capitulo
542 2130 744 2168 introducit
759 2134 943 2179 Angelum
972 2171 973 2176 ,

170 2176 355 2213 dicentem
370 2189 377 2213 :
405 2180 552 2214 Vocatis
566 2190 693 2215 nomen
714 2180 792 2225 eJ'us
808 2182 942 2223 Jesum,

167 2222 206 2259 id
226 2228 281 2259 est
299 2225 550 2270 Salvatorem;
569 2230 606 2262 et
621 2226 840 2264 Zachariam
859 2229 946 2265 Pro-

166 2271 319 2317 phetam
341 2271 375 2308 ei
397 2272 585 2309 dicentem
609 2286 617 2310 :
639 2275 801 2311 Salutem
818 2286 862 2312 em
877 2277 947 2312 ini·
974 2296 977 2304 ι

168 2319 272 2354 micis
292 2321 440 2361 nostris,
460 2323 494 2356 et
511 2321 555 2356 de
571 2332 683 2357 manu
703 2324 861 2359 omnium
883 2325 948 2369 qui
975 2305 977 2351 i

169 2365 322 2401 oderunt
335 2377 417 2410 nos;
438 2370 473 2402 et
489 2367 674 2414 Angelum
688 2370 942 2416 evangelizan-

167 2415 243 2464 tem
262 2415 570 2451 :Natusestvobz's
586 2416 691 2451 hodie
701 2418 894 2461 Saloatum
910 2422 948 2453 et
974 2412 977 2457 ,¹

169 2458 383 2495 Slmeonem
407 2461 593 2498 dicentem
615 2474 623 2498 ε
650 2465 832 2500 Viderunt
849 2465 946 2500 oculi
974 2463 976 2492 i

168 2508 239 2541 mei
258 2508 419 2542 salutare
440 2513 564 2553 tuum,·
587 2512 624 2545 et
643 2510 782 2556 ubique
802 2522 870 2557 por
886 2514 944 2547 to-

168 2554 248 2588 tum
269 2554 512 2600 Evangelium
540 2567 688 2603 semper
714 2558 791 2603 agit
810 2559 856 2594 de
877 2559 943 2594 ho-
973 2597 974 2600 ,

165 2599 280 2643 mine,
305 2602 374 2636 sub
393 2602 539 2639 ratione
558 2614 632 2649 qna
647 2604 818 2641 Salvator
833 2609 890 2641 est
908 2609 943 2641 et

165 2646 333 2683 medicus
359 2648 583 2686 animarum.
608 2651 713 2688 Unde
736 2652 838 2688 solus
861 2652 941 2699 ipse

164 2697 296 2730 narrat
316 2695 361 2731 de
384 2695 503 2732 Maria
523 2698 760 2744 Magdalena‚
783 2702 820 2735 et
840 2700 941 2736 solus

166 2740 247 2786 ipse
265 2741 371 2787 ponit
390 2743 527 2779 multas
548 2745 745 2790 parabolas
760 2747 807 2782 ad
826 2746 939 2792 pieta-

168 2790 257 2833 tem,
289 2791 325 2824 et
357 2789 669 2837 misericordiam,
692 2796 729 2829 et
749 2793 938 2830 remissio-

1023 173 1162 208 CAPUT
1200 174 1386 208 Lxxxm

1033 255 1118 281 nem
1158 249 1399 292 peccatorum
1437 246 1668 292 pertinentes
1699 257 1708 284 τ
1734 256 1803 294 per

1033 293 1132 338 quod
1152 296 1264 336 patet,
1287 293 1386 338 quod
1408 303 1475 329 sua
1493 293 1650 330 intentio
1668 294 1802 341 princi-

1032 340 1126 386 palis
1144 339 1214 375 suit
1233 341 1392 385 probare
1411 341 1686 378 conclusionem
1704 351 1800 388 prae-

1033 388 1182 422 dictam.
1208 387 1371 423 Intendit
1396 387 1509 433 igitur
1533 389 1693 434 probare
1718 399 1801 426 earn

1031 444 1099 479 per
1120 433 1232 470 talem
1253 433 1439 470 rationem
1465 437 1502 470 et
1521 435 1799 481 syllogismum:
1825 444 1828 447 ⁴

1032 482 1151 516 Homo
1182 481 1257 525 ille,
1283 482 1390 528 quus
1412 483 1600 527 ingressus
1621 487 1658 518 et
1681 482 1801 519 intro-

1030 527 1169 571 ductio,
1193 529 1296 575 quus
1319 528 1431 564 etiam
1449 528 1640 565 convictus
1658 532 1695 565 et
1713 539 1802 566 con—

1030 575 1207 612 versatio.
1225 577 1333 621 cujus
1354 579 1508 612 conatus
1523 579 1562 612 et
1574 576 1800 619 recollectio,

1031 622 1089 667 cuj
1097 633 1136 658 us
1156 622 1291 659 affatus
1306 625 1343 659 et
1357 622 1649 670 eruditio,quus
1667 622 1804 660 disces-

1030 679 1093 706 sus
1111 679 1179 716 pcr
1198 673 1358 706 mortem
1380 676 1416 706 et
1436 669 1723 715 consummatio,
1744 681 1805 707 cu-

1025 716 1087 763 Jus
1109 727 1303 763 regressus
1329 727 1351 753 a
1371 717 1531 754 mortuis
1561 720 1597 753 et
1619 719 1802 754 Resurre-

1029 763 1102 800 ctio
1120 764 1189 800 fuit
1217 775 1285 810 per
1305 765 1458 801 modum
1480 765 1671 811 cujusdam
1693 764 1802 812 spiri-

1028 809 1142 847 tualis
1163 811 1334 855 antidoti,
1352 814 1387 848 et
1407 811 1604 848 medicinae
1628 811 1804 848 salutaris

1029 858 1197 894 omnium
1218 859 1437 895 hominum:
1458 858 1586 905 utique
1603 859 1717 895 homo
1731 857 1802 895 iste

1028 906 1239 941 censendus
1264 908 1320 941 est
1349 906 1520 942 Salvator
1539 905 1748 951 hominum,
1766 909 1804 942 et
1864 936 1867 938 .

1028 953 1196 988 medicus
1225 953 1435 989 animarum
1453 964 1462 997 ;
1482 953 1548 989 sed
1579 952 1630 988 ita
1661 953 1731 990 suit
1755 952 1802 989 de

1027 998 1090 1035 illo
1108 1000 1275 1044 homine,
1297 1000 1359 1046 qui
1382 999 1503 1036 dictus
1520 1003 1578 1036 est
1589 1001 1724 1046 Jesus;
1742 1010 1801 1036 er-

1027 1057 1074 1093 go
1094 1046 1175 1093 ipse
1196 1047 1266 1084 suit
1287 1047 1492 1093 spiritualis
1511 1047 1709 1084 hominum
1725 1057 1802 1083 me-

1028 1093 1132 1130 dicus
1168 1098 1203 1130 et
1239 1095 1420 1131 Salvator.
1458 1094 1642 1131 Minorem
1677 1094 1799 1138 istius,

1027 1147 1210 1187 quantum
1237 1142 1285 1178 ad
1313 1153 1373 1178 sex
1404 1141 1638 1178 conditiones
1660 1142 1802 1187 positas

1025 1188 1065 1224 in
1101 1189 1248 1235 maJ'ori,
1274 1188 1436 1225 intendit
1465 1190 1583 1225 Lucas
1616 1189 1802 1225 deducere

1026 1235 1066 1271 in
1085 1246 1151 1272 suo
1184 1236 1399 1283 Evangelio,
1420 1239 1456 1272 et
1477 1237 1651 1282 probare.
1671 1235 1800 1272 Primo

1027 1283 1126 1319 enim
1144 1284 1291 1329 probat,
1312 1284 1411 1329 quod
1430 1284 1539 1330 hujtis
1557 1283 1720 1319 hominis
1739 1282 1799 1318 in-

1026 1330 1216 1366 troductio
1248 1335 1284 1366 et
1314 1330 1505 1376 ingressus
1527 1329 1598 1366 fuit
1619 1340 1687 1376 per
1711 1340 1800 1366 mo-

1027 1378 1113 1413 dum
1142 1378 1336 1424 cujusdam
1361 1376 1560 1414 salvatoris
1589 1376 1733 1419 mundi,
1762 1380 1822 1413 et·

1026 1424 1160 1460 medici
1185 1425 1405 1471 spiritualis,
1427 1427 1466 1461 et
1489 1426 1627 1461 tractat
1651 1424 1698 1460 de
1723 1423 1798 1460 tri-

1025 1471 1111 1518 plici
1144 1470 1420 1508 introductione
1455 1471 1563 1508 istius
1597 1471 1763 1508 hominis
1784 1483 1795 1507 .-

1024 1519 1143 1566 prima
1164 1520 1330 1565 quidem,
1347 1519 1386 1555 in
1403 1523 1547 1555 uterum
1568 1521 1796 1563 maternum,

1024 1577 1091 1612 per
1109 1567 1390 1613 conceptionem
1408 1578 1416 1611 ;
1434 1566 1611 1611 secunda,
1629 1565 1669 1602 in
1687 1576 1796 1602 mun-

1025 1614 1129 1659 dum,
1150 1625 1216 1659 per
1234 1613 1467 1650 nativitatem
1487 1616 1525 1649 et
1544 1617 1692 1658 ortum;
1718 1615 1797 1650 ter-

1023 1661 1089 1705 tia,
1112 1662 1159 1697 ad
1180 1664 1300 1698 totum
1325 1661 1515 1707 populum,
1537 1659 1638 1697 circa
1655 1670 1796 1697 annum

1022 1708 1270 1753 trigesimum.
1287 1729 1332 1734 -
1343 1707 1514 1745 Secundo
1534 1708 1682 1753 probat,
1696 1707 1795 1754 quod

1021 1756 1132 1801 huJus
1170 1754 1332 1791 hominis
1367 1754 1619 1800 conversatio,
1646 1758 1684 1791 et
1705 1765 1793 1791 con-

1020 1803 1138 1838 victus
1162 1812 1247 1838 cum
1278 1802 1506 1848 hominibus,
1529 1802 1599 1838 fuit
1624 1812 1691 1848 per
1716 1812 1793 1838 mo-

1020 1850 1108 1886 dum
1129 1849 1206 1886 veri
1228 1848 1446 1894 salvatoris,
1468 1852 1504 1886 et
1522 1849 1686 1885 ostendit
1706 1859 1795 1895 qua-

1019 1896 1107 1933 liter
1132 1897 1200 1932 iste
1225 1897 1337 1933 homo
1366 1907 1431 1941 per
1457 1896 1514 1932 sui
1542 1897 1794 1932 conversatio-

1019 1955 1106 1980 nem
1128 1948 1164 1980 et
1185 1945 1395 1980 convictum
1408 1943 1671 1989 exemplarem,
1692 1943 1796 1979 nisus

1021 1996 1078 2028 est
1099 1991 1269 2027 homines
1291 1990 1478 2027 medicare
1493 1994 1531 2027 et
1545 1991 1689 2027 salvare
1710 1991 1795 2027 :de-

1021 2038 1189 2075 scribens
1219 2049 1304 2074 eum
1325 2037 1435 2074 fuisse
1462 2038 1651 2083 exemplar
1671 2037 1795 2074 omnis

1019 2085 1266 2133 poenitentiae,
1302 2085 1491 2131 exemplar
1525 2084 1646 2121 omnis
1684 2085 1792 2121 devo-

1020 2133 1136 2169 tionis
1153 2136 1190 2169 et
1211 2131 1343 2176 latriae,
1363 2132 1553 2179 exemplar
1571 2131 1740 2168 mititatis
1755 2134 1794 2168 et

1020 2180 1226 2226 patientiae,
1260 2180 1450 2226 exemplar
1480 2178 1718 2216 liberalitatis
1755 2182 1793 2215 et

1008 2228 1292 2272 beneficentiae,
1305 2227 1495 2272 exemplar
1512 2225 1736 2263 humilitatis
1755 2229 1793 2262 et

1021 2275 1307 2319 benevolentiae,
1335 2274 1526 2320 exemplar
1557 2273 1727 2310 veritatis
1756 2277 1794 2327 et

1021 2322 1241 2365 existentiae,
1276 2325 1406 2358 contra
1435 2331 1586 2357 omnem
1617 2321 1794 2367 hypocri-

1021 2368 1105 2414 sim,
1129 2369 1318 2415 exemplar
1351 2367 1473 2404 omnis
1494 2367 1736 2415 perfectionis
1756 2370 1793 2404 et

1019 2415 1348 2464 superexcellentis
1367 2415 1470 2460 vitae,
1488 2415 1677 2462 exemplar
1690 2424 1791 2451 com-

1020 2463 1202 2510 passionis
1225 2467 1262 2500 et
1281 2461 1549 2499 misericordiae
1577 2465 1690 2508 atque
1709 2462 1791 2498 cle-

1019 2509 1184 2556 mentiae,
1207 2514 1243 2546 et
1263 2521 1306 2546 ex
1324 2509 1383 2546 his
1404 2514 1487 2546 octo
1512 2509 1791 2546 conditionibus

1019 2561 1133 2604 patet,
1177 2557 1337 2604 qualiter
1375 2568 1442 2593 sua
1478 2555 1714 2593 conversatio
1752 2558 1790 2592 et

1018 2604 1206 2642 convictus
1227 2604 1293 2641 suit
1314 2604 1361 2640 ad
1382 2603 1646 2641 medicandum
1663 2605 1701 2639 et
1715 2602 1787 2638 sal-

1016 2654 1179 2688 vandum
1204 2651 1399 2688 mundum.
1422 2672 1463 2677 -
1483 2652 1608 2688 Tertio
1636 2650 1785 2697 probat,

1016 2699 1115 2745 quod
1134 2699 1235 2735 illius
1256 2698 1418 2735 hominis
1438 2697 1564 2734 totalis
1581 2699 1736 2733 conatus
1748 2699 1784 2750 et

1014 2746 1229 2782 recollectio
1251 2746 1320 2782 fuit
1338 2746 1385 2782 ad
1418 2745 1636 2782 salvandum
1661 2744 1785 2780 homi-

1013 2803 1092 2838 neS,
1120 2798 1156 2829 et
1187 2793 1428 2830 tribuendum
1461 2791 1516 2829 eis
1551 2791 1784 2837 spiritualem
