1924 3157
656 136 797 173 INDEX
835 137 1088 177 GENERALIS
1127 143 1297 179 RERUM·
1740 149 1800 183 359

158 217 321 254 Christus
350 212 594 250 manducavit
627 212 818 250 interdum
849 224 936 251 cum
971 234 975 262 0

205 261 479 310 peccatoribus,
507 265 544 297 et
564 259 755 297 interdum
776 272 859 297 cum
880 263 936 308 ju·
972 264 975 277 ·

206 310 285 351 stis,
310 315 347 346 et
367 320 441 355 qua
464 308 509 345 de
532 319 660 344 rausa.
792 307 841 347 ΙΙ.
870 312 935 346 108

157 359 320 397 Christus
340 357 486 393 solebat
512 357 653 391 habere
681 355 752 391 tria
774 356 934 401 refugia,

204 406 341 452 quibus
387 415 426 440 se
471 403 659 439 interdum
704 403 939 441 subducebat

204 465 246 490 ex
265 452 400 488 turbis.
820 451 870 496 ΙΙ,
898 467 933 488 ιι

156 502 321 539 Christus
347 510 465 546 quare
492 497 653 535 voluerit
680 498 720 534 in
747 498 831 535 navi
855 500 939 536 ‹lor-

204 548 312 584 mire.
825 546 874 591 Π,
899 562 934 584 ιι

155 597 319 633 Christus
328 593 517 640 quomodo
528 596 565 629 et
586 594 721 638 quibus
739 604 939 639 argumen-

202 644 251 679 tis
270 643 405 689 probet
418 651 457 677 se
472 651 555 676 esse
567 641 784 684 Deum,non
799 652 937 687 purum

202 689 428 728 hominem..
770 688 840 732 III,
869 692 936 733 254

155 738 323 777 Christus,
346 735 511 773 ostendit
538 735 612 772 tria
641 735 750 782 signa
778 735 936 772 Deitatis

201 788 278 822 tam
296 784 335 821 in
355 793 513 830 corpore
533 793 646 830 quam
662 783 701 819 in
722 782 862 828 anima,
883 795 938 820 sa-

202 832 327 869 nando
347 830 596 879 paralyticum
626 842 691 878 per
711 834 853 867 tectum
877 831 936 867 di-

203 879 377 917 missum.
702 878 752 924 II,
779 893 820 915 22
843 882 877 915 et
895 883 937 916 23

156 929 322 967 Christus
340 937 435 974 quos
454 925 624 962 defectus
645 928 863 973 corporales
883 938 939 963 as-

203 975 379 1022 sumpsit,
407 984 501 1021 quos
522 984 611 1011 vero
641 985 837 1011 assumere
860 985 938 1011 non

204 1023 346 1060 debuit.
797 1021 846 1067 ΙΙ,
874 1025 938 1066 ι24

157 1072 294 1108 Christi
320 1072 464 1117 Corpus
492 1068 746 1105 diversimode
774 1070 938 1106 mandu-

203 1122 323 1154 catur.
567 1116 617 1159 ΙΙ,
644 1119 706 1152 125
727 1120 761 1152 et
778 1117 847 1159 III,
869 1121 938 1165 549

156 1166 323 1203 Christus
353 1163 450 1201 fudit
467 1174 529 1200 sex
548 1162 692 1200 vicibus
711 1164 937 1210 sanguinem

202 1223 327 1250 suum.
840 1211 869 1257 I,
894 1215 938 1248 85

155 1261 340 1298 Christum
359 1258 607 1306 spiritualiter
637 1259 845 1305 amplexari
864 1270 938 1296 vo—

205 1308 298 1345 lenti
323 1307 412 1354 quid
431 1306 479 1343 sit
499 1305 725 1342 faciendum.
816 1307 846 1352 l,
874 1321 936 1344 102

155 1357 321 1395 Christus
341 1356 388 1392 ab
411 1353 512 1391 omni
529 1356 653 1400 aetate,
670 1356 706 1390 et
724 1364 814 1391 sexu
832 1365 937 1391 acce-

202 1404 257 1451 pit
279 1401 552 1440 testimonium.
817 1402 848 1447 I,
873 1406 937 1438 106

155 1451 350 1497 Quomodo
377 1451 542 1487 Christus
566 1447 752 1484 destruxit
777 1460 937 1495 regnum

202 1497 361 1547 peccati.
724 1543 729 1549 ⁸
816 1498 846 1541 Ι,
873 1501 938 1542 104

157 1547 324 1631 Chgiicsltiiscs
340 1545 453 1582 etiam
471 1543 609 1593 redimi
629 1543 750 1580 voluit
767 1544 937 1640 quinti&

157 1642 324 1679 Christus
341 1642 390 1678 ad
408 1642 573 1688 quinque
590 1639 673 1676 loca
693 1643 751 1676 est
773 1640 936 1685 delatus,

203 1695 241 1727 et
270 1689 360 1737 quid
388 1700 453 1735 per
474 1690 545 1725 hoc
565 1687 761 1724 moraliter
789 1691 827 1724 et
858 1699 937 1734 my-

203 1739 296 1774 stice
314 1737 508 1773 doceatur.
812 1735 844 1780 I,
873 1750 938 1783 109

157 1784 342 1822 Christum
365 1784 555 1831 perditum
582 1782 771 1833 quomodo
799 1783 937 1819 debea-

203 1844 286 1870 mus
312 1843 497 1878 quaerere.
813 1830 843 1875 Ι,
874 1833 937 1866 152

158 1881 343 1918 Christum
374 1879 527 1925 quidam
562 1882 737 1927 quaerunt
768 1877 833 1914 ubi
864 1889 940 1913 non

203 1934 274 1973 est,
297 1931 334 1965 ct
355 1927 438 1964 ideo
460 1940 548 1966 eum
565 1927 737 1966 invenire
758 1937 835 1961 non
856 1936 940 1972 pos-

204 1979 306 2013 sunt.
797 1972 847 2015 II,
872 1975 940 2020 278

156 2025 321 2061 Christus
341 2036 458 2072 quare
481 2025 620 2071 saepius
639 2023 680 2059 in
702 2021 835 2057 diebus
859 2022 941 2073 sab-

203 2071 316 2113 batis,
341 2074 666 2110 murmurantibus
698 2069 786 2105 lieet
807 2069 940 2121 Phari—

203 2121 300 2166 sacis,
326 2121 486 2158 docebat
507 2124 543 2157 et
563 2118 794 2166 operabatur
818 2125 941 2151 mira-

203 2167 302 2205 cula.
545 2166 596 2211 ΙΙ,
620 2168 702 2211 204,
727 2167 794 2199 260
817 2166 851 2198 et
874 2166 939 2216 262

158 2215 326 2252 Christus
363 2226 431 2251 cur
462 2215 656 2251 interdum
684 2223 707 2248 a
740 2211 942 2247 Pharisaeis

202 2272 242 2298 se
265 2261 499 2299 subduxerit.
800 2257 850 2302 ΙΙ,
875 2261 943 2294 206

157 2309 327 2347 Christus
357 2321 423 2346 cur
455 2312 545 2346 ante
573 2306 824 2345 refectionem
851 2307 941 2358 'tur-

203 2358 339 2394 barum
375 2357 413 2393 in
435 2358 586 2394 deserto
608 2354 791 2392 convocet
824 2353 943 2388 discl-

201 2405 323 2451 pulos‚
357 2409 394 2442 et
426 2405 533 2452 quasi
567 2403 614 2440 ab
649 2401 704 2439 eis
743 2399 943 2437 consilium

203 2456 321 2498 petat.
803 2447 854 2487 II.
874 2450 943 2483 550

156 2501 280 2545 Quare
299 2501 469 2538 Christus
491 2497 694 2546 discipulos
713 2506 801 2533 suos
824 2496 943 2531 inter-

203 2552 314 2590 roget
336 2551 381 2586 de
407 2548 550 2596 judicio
583 2545 781 2583 hominum
815 2542 864 2579 de
884 2553 945 2578 se-

205 2597 381 2642 metipso.
833 2590 903 2644 ΙΙΙ,
926 2603 944 2626 2

156 2644 210 2680 De
249 2645 391 2680 Christo
430 2643 546 2680 variae
565 2640 763 2679 hominum
793 2648 944 2723 opfflo-

206 2701 286 2727 nes.
512 2708 516 2713 -
901 2715 909 2729 ‚
928 2698 945 2720 2

158 2739 324 2777 Christus
360 2747 460 2784 saepe
512 2738 628 2787 elegit
684 2736 808 2774 locum
865 2743 947 2769 me-

206 2786 326 2832 dium,
352 2789 390 2822 et
407 2794 537 2830 quare.
827 2780 859 2827 l,
883 2783 946 2825 167

1014 217 1180 255 Christus
1196 220 1387 266 quomodo
1408 222 1446 257 et
1462 231 1536 268 quo
1553 232 1666 260 sensu
1687 224 1800 262 mira-

1060 265 1185 303 batur.
1677 272 1706 313 Ι,
1731 277 1800 310 550

1014 311 1180 350 Christus
1204 316 1324 352 noluit
1351 327 1434 353 esse
1461 316 1583 354 Judex
1604 318 1727 355 litium
1765 326 1801 356 et

1061 370 1194 405 quare.
1659 365 1708 405 ll.
1734 372 1800 404 258

1014 407 1180 462 Christus
1211 411 1343 447 habuit
1391 415 1554 458 quatuor
1591 414 1802 452 fortissima

1060 458 1292 494 testimonia.
1660 461 1710 506 ΙΙ,
1734 466 1797 500 25ι

1012 503 1208 546 Quomodo
1231 507 1397 544 Christus
1413 507 1574 554 gloriam
1593 520 1699 545 suam
1725 521 1803 546 non

1062 553 1249 596 quzrsivit.
1662 556 1712 601 ΙΙ,
1734 573 1802 606 290

1015 599 1182 636 Christus
1209 600 1358 645 fugiens
1382 605 1420 638 et
1452 613 1491 638 se
1515 604 1753 642 abscondens
1781 617 1803 643 a

1061 646 1201 699 Judaeis
1233 647 1356 694 ipsum
1387 649 1558 697 lapidare
1586 653 1802 690 volentibus

1064 697 1137 730 tria
1158 705 1227 730 nos
1243 696 1366 733 docet.
1661 698 1712 745 ΙΙ,
1734 713 1801 748 292

1016 741 1183 778 Christus
1219 753 1285 780 cur
1320 744 1482 781 vetuerit
1513 745 1698 783 miracula
1736 759 1804 784 sua

1064 790 1269 835 propalari.
1465 792 1495 838 Ι,
1519 796 1587 837 544
1607 798 1639 829 et
1660 794 1711 839 ΙΙ,
1733 798 1802 832 528

1017 836 1184 890 Christus
1217 838 1348 875 solitus
1385 843 1466 876 erat
1498 846 1724 887 pernoctare
1763 843 1803 879 in

1063 888 1252 922 oratione.
1435 887 1466 929 Ι,
1495 891 1562 925 258
1589 892 1622 925 et
1642 889 1712 934 ΙΙΙ,
1734 893 1803 926 506

1017 931 1156 968 Christi
1176 933 1277 971 dicta
1303 938 1341 971 et
1354 934 1454 972 facta
1474 947 1550 972 non
1567 936 1697 973 omnia
1717 940 1804 974 sunt

1064 980 1219 1027 scripta.
1504 982 1570 1029 IV,
1594 988 1660 1032 259
1680 988 1714 1021 et
1736 988 1802 1021 260

1300 1074 1516 1102 CHRISTIANI.

1019 1138 1315 1174 Christianorum
1371 1139 1492 1186 qualis
1548 1149 1631 1177 esse
1691 1141 1805 1178 debet

1064 1186 1153 1221 vita.
1646 1187 1716 1233 ΙΙΙ,
1737 1193 1803 1225 225

1017 1232 1160 1278 Quibus
1196 1232 1358 1269 maxime
1380 1234 1583 1271 Christiani
1612 1236 1804 1272 scandali-

1064 1284 1150 1316 zent
1172 1280 1355 1317 Gentiles.
1641 1282 1711 1326 ΙΙΙ,
1736 1287 1799 1328 224

1019 1327 1314 1365 Christianorum
1330 1329 1570 1373 peccantium
1586 1330 1738 1373 gravior
1750 1335 1805 1368 est

1076 1387 1202 1422 prena,
1231 1375 1369 1412 ceteris
1395 1374 1564 1423 paribus,
1586 1387 1699 1424 quam
1723 1379 1806 1414 infi-

1062 1423 1216 1460 delium.
1691 1425 1739 1471 ΙΙ,
1759 1429 1804 1462 88

1017 1471 1224 1508 Christiani
1270 1471 1481 1509 Gentilibus
1519 1475 1701 1519 praestare
1744 1474 1805 1510 de-

1062 1519 1167 1556 bent.
1432 1518 1464 1561 Ῑ,
1483 1533 1565 1567 292,
1590 1533 1655 1568 297
1679 1524 1714 1557 et
1735 1523 1804 1558 316

1017 1567 1313 1604 Christianorum
1328 1567 1499 1604 omnium
1513 1567 1646 1605 eadem
1668 1571 1706 1605 et
1728 1579 1805 1606 una

1064 1620 1119 1651 est
1140 1614 1335 1651 nobilitas.
1677 1615 1707 1662 Ι,
1733 1616 1799 1652 5οι

1015 1665 1162 1709 Quanta
1191 1662 1292 1699 inter
1327 1663 1560 1700 Christianos
1576 1663 1691 1701 debet
1722 1674 1803 1700 esse

1064 1709 1230 1747 dilectio.
1678 1710 1710 1756 Ι,
1733 1714 1801 1748 502

1354 1784 1468 1811 CIBUS.

1015 1840 1057 1876 In
1090 1840 1164 1876 cibi
1194 1838 1408 1886 sumptione
1442 1841 1519 1876 Deo
1545 1839 1678 1886 gratiae
1717 1843 1805 1876 sunt

1062 1888 1234 1932 agendae.
1417 1886 1468 1927 ΙΙ.
1490 1890 1555 1923 55ι
1586 1891 1620 1924 et
1640 1887 1709 1930 ΙΙΙ,
1734 1890 1802 1924 565

1018 1936 1101 1972 Cibi
1119 1941 1204 1981 post
1236 1935 1571 1972 Resurrectionem
1603 1945 1626 1971 a
1653 1933 1804 1971 Christo

1063 1983 1203 2029 sumpti
1226 1994 1300 2029 quo
1321 1982 1560 2019 devenerint.
1651 1981 1712 2026 IV,
1736 1986 1799 2026 24ι

1018 2031 1129 2069 Cibus
1146 2029 1354 2076 spiritualis
1375 2030 1623 2067 Praelatorum
1640 2031 1724 2077 quis
1744 2031 1804 2066 de-

1063 2079 1152 2115 beat
1172 2088 1269 2114 esse.
1665 2077 1715 2124 11,
1736 2080 1801 2113 282

1307 2164 1501 2191 CINGULUM.

1018 2232 1215 2278 Cingulum
1234 2229 1327 2278 quid
1347 2228 1484 2276 signet.
1671 2227 1737 2275 Iv,
1758 2231 1802 2265 62

1285 2324 1521 2350 CIRCUMCISIO.

1018 2396 1254 2433 Circumcisio
1275 2394 1426 2440 quando
1446 2391 1651 2446 instituta..
1706 2391 1738 2437 Ι,
1760 2395 1802 2430 8ι

1017 2445 1058 2479 In
1082 2444 1356 2479 circumcisione
1389 2450 1516 2487 pueris
1549 2450 1705 2477 nomina
1731 2440 1806 2477 im-

1066 2491 1156 2537 poni
1176 2490 1299 2526 solita.
1704 2487 1736 2533 Ι,
1760 2491 1801 2524 81

1020 2539 1256 2576 circumcisio
1278 2546 1394 2583 quare
1416 2535 1600 2572 instituta.
1705 2535 1736 2579 Ι,
1760 2538 1804 2571 85

1018 2588 1091 2623 Cur
1112 2585 1150 2621 in
1179 2595 1291 2621 carne
1309 2583 1500 2631 praeputii,
1526 2587 1563 2620 et
1589 2585 1718 2619 octava
1744 2584 1805 2618 die

1066 2632 1182 2669 fiebat
1202 2633 1442 2668 circumcisio.
1706 2629 1737 2674 Ι,
1759 2630 1803 2665 85

1019 2682 1072 2718 De
1091 2681 1363 2716 circumcisione
1383 2676 1619 2725 spiritualiJ.
1643 2678 1686 2721 84
1707 2681 1740 2712 ct
1759 2678 1803 2712 86

1022 2729 1341 2766 Circumcisionem
1375 2725 1558 2774 Baptismi
1578 2727 1804 2763 Sacramen-

1067 2779 1149 2812 tum
1169 2775 1379 2812 evacuavit.
1703 2770 1736 2818 1,
1756 2773 1803 2815 48
