1924 3157
513 125 564 159 1)ss
601 125 858 165 MATUTlNlS,
898 124 939 158 lN'
980 126 1192 159 PASSlllNE
1233 124 1397 159 noiitxl.
1724 122 1761 154 ‘il

137 195 293 233 dixisset
328 195 394 231 eis.
425 196 494 242 Ipsi
535 199 643 232 erant
677 197 908 239 accusantes,

137 243 207 290 ipsi
227 243 483 286 discutientes,
499 243 563 289 ipsi
581 242 805 279 sententiam
829 252 911 289 pro-

137 292 310 328 serentes.
329 291 540 327 Secundum
564 292 710 333 Roriam,
724 289 911 326 sententia

136 349 205 374 sua
241 349 280 374 se
305 338 571 381 Cotldeninatll,
594 338 656 384 qui
679 348 764 374 eum
801 336 909 373 morti

135 385 365 430 adjudicant.
397 396 507 431 qui-m
536 392 572 421 et
604 385 693 427 oris,
715 389 750 420 et
787 395 911 430 operis

135 433 190 469 sui
209 432 423 469 testimonio
446 435 560 468 Deum
581 443 662 469 esse
685 442 912 477 cognoscere

134 485 304 527 possunt.
331 482 373 516 lit
397 480 547 526 quidem
576 480 612 515 in
634 480 704 515 hoc
731 489 817 514 vere
845 489 911 514 re—

135 527 389 574 spondissent,
412 527 605 573 supposita
627 526 783 562 veritate
809 525 910 571 sacti,

135 575 254 611 omnis
289 575 389 611 enim
416 574 479 620 qui
513 574 745 620 blasphemat
775 584 911 609 nomen

139 622 200 658 liei
219 622 421 658 secundum
438 623 572 668 Legem
589 632 673 657 reus
691 626 746 656 est
767 620 910 664 mortis,

134 669 221 716 quia
241 669 351 705 debet
373 667 548 713 lapidari3
570 668 649 713 sed,
669 667 755 714 quia
776 668 913 704 sactum

134 727 331 763 superque
345 716 571 751 fundabatur
585 715 744 760 quaestio
760 715 827 751 suit
842 715 911 751 sal-

133 774 230 807 sum,
247 765 330 799 ideo
346 762 541 809 responsio
560 763 629 799 snit
645 763 749 806 salsa,
766 773 808 798 ac
827 774 911 807 pro-

135 812 223 847 fana
241 814 276 846 et
291 810 434 856 iniqua.
455 812 501 846 Ex
522 811 590 846 hoc
608 815 734 847 autem
753 810 911 846 articulo

133 858 459 895 condemnationis
489 857 625 895 Christi
655 858 703 894 ad
735 865 910 898 mortem,

133 907 318 942 habemus
335 905 406 942 duo
427 905 663 942 documenta.
682 926 724 931 —
746 906 912 941 Primum

135 959 205 996 est,
223 957 262 989 ut
281 964 480 989 caveamus
500 964 544 989 ne
565 963 742 1000 umquam
762 953 824 989 illa
845 964 912 988 vox

131 1001 348 1038 Judaeorum
377 1012 385 1036 z
416 1002 514 1036 lteus
557 1005 613 1036 est
650 1001 794 1044 mortis,
830 1010 912 1046 quae

133 1047 269 1084 Christi
297 1047 454 1084 auribus
479 1049 702 1084 innocenter
729 1047 911 1091 insonuit,

135 1095 272 1131 nostris
305 1095 533 1131 mentalibus
567 1095 720 1131 auribus
748 1096 911 1136 insonet,

133 1146 169 1179 et
193 1144 231 1179 in
260 1143 370 1179 nobis
396 1143 520 1178 locum
549 1142 734 1179 veraciter
760 1143 911 1188 habeat,

133 1201 220 1227 nam
239 1190 283 1225 de
303 1201 539 1236 quocumque
558 1191 739 1227 existente
758 1189 797 1226 in
818 1200 913 1225 mor-

133 1237 198 1274 tali
227 1242 382 1284 peccato
404 1248 533 1274 verum
555 1243 612 1274 est
632 1237 756 1274 dicere
781 1252 788 1274 :
817 1239 913 1273 Reus

133 1288 187 1321 ed
217 1285 362 1321 mortis.
382 1304 430 1312 —
457 1285 674 1322 Secundum
710 1288 780 1327 est,
811 1289 850 1321 ut
882 1285 912 1320 si

133 1332 283 1379 quando
306 1343 372 1368 nos
392 1336 545 1379 propter
565 1332 756 1369 Christum
778 1343 799 1368 a
822 1343 913 1379 per-

132 1380 368 1416 secutoribus
403 1382 699 1416 condemnemur
724 1382 771 1416 ad
813 1391 912 1416 mor-

135 1431 223 1473 tem,
251 1438 324 1463 non
348 1427 431 1463 ideo
455 1429 732 1473 perturbemur,
755 1428 820 1463 sed
845 1438 911 1474 po-

134 1475 206 1511 tius
226 1475 456 1521 gaudeamus
477 1474 719 1521 respicientes
744 1475 792 1510 ad
814 1485 911 1510 mer-

136 1522 279 1558 cedem.
299 1523 413 1558 —Ad
445 1523 757 1558 conformandum
783 1533 821 1558 se
852 1522 912 1558 isti

134 1571 307 1614 articulo,
328 1569 510 1615 recogitet
526 1571 637 1606 homo
657 1569 818 1616 qualiter
832 1569 912 1616 ipse

133 1628 232 1664 saepe
272 1621 426 1664 propter
465 1617 650 1653 demerita
695 1628 760 1653 sua
806 1627 911 1653 reum

131 1666 263 1701 mortis
280 1675 319 1701 se
343 1665 487 1709 l'ecerit,
505 1665 569 1700 sed
604 1664 666 1700 Dei
696 1663 910 1700 misericor-

129 1712 193 1749 dia
213 1712 260 1748 sit
280 1712 462 1748 hactenus
483 1716 726 1748 conservatus
750 1723 818 1759 pro
843 1722 912 1748 sua

129 1759 416 1804 emendation03
442 1760 497 1796 vel
531 1759 639 1804 alias,
670 1763 779 1805 prout
813 1761 912 1796 Deus

134 1807 388 1854 inspiraverit.
410 1809 508 1851 Jesu,
529 1809 594 1853 qui
620 1809 816 1854 profanam
843 1809 911 1843 im-

133 1858 279 1903 piorum
308 1866 441 1898 rocem,
467 1857 606 1891 scilieet
640 1866 740 1891 reum
773 1860 806 1891 te
841 1866 915 1891 esse

133 1905 426 1944 mortis,minime
438 1904 609 1948 timuisti,
625 1903 767 1938 custodi
780 1913 834 1938 me
847 1904 912 1938 mi-

135 1961 254 1986 serum
275 1955 507 1997 peccatorem.
530 1961 573 1986 ne
606 1952 645 1986 in
673 1951 786 1986 oculis
825 1952 912 1995 tuis,

137 2002 277 2034 πίω-πω
297 2000 426 2034 mortis
446 2008 527 2034 reus
548 1999 727 2034 inveniar.

189 2061 229 2082 ιο
241 2047 468 2082 Coxspmun
480 2047 657 2082 nouis-cs.
676 2066 714 2072 -
728 2048 838 2086 Tune,
852 2045 914 2092 qui

135 2094 432 2130 circumstabant
466 2104 610 2137 omnes,
646 2093 724 2130 sere
763 2092 914 2129 insimul

134 2140 328 2177 irruerunt
348 2151 461 2187 super
490 2140 688 2177 Dominum
716 2142 858 2185 Jesum,
881 2144 914 2176 et

131 2190 205 2224 viri
221 2191 287 2234 qui
308 2190 475 2224 tenebant
500 2190 619 2229 illum,
639 2189 844 2225 illudebant
865 2191 911 2225 ei.

132 2237 214 2273 Alii
242 2240 465 2281 escspuermzt
493 2238 531 2272 in
556 2237 690 2280 faciem
710 2237 788 2282 ejus
810 2236 915 2273 heni-

135 2283 370 2328 gnissimani,
405 2288 597 2330 tamquam
636 2283 673 2319 in
719 2285 913 2320 hominem

134 2331 243 2367 vilem
259 2336 295 2367 et
309 2331 587 2377 pestiferum,et
606 2335 726 2367 morte
741 2331 911 2377 dignum,

133 2378 276 2415 scilicet
297 2379 509 2415 consessum
532 2390 571 2415 se
593 2390 674 2415 esse
693 2380 769 2414 Deo
791 2390 914 2425 sequa-

134 2426 274 2470 lem,ut
293 2425 545 2471 compleretur
558 2426 658 2472 quod
673 2426 815 2462 dictum
835 2432 910 2463 est:

131 2475 274 2510 Faciem
295 2484 410 2509 meam
435 2485 506 2509 non
526 2476 645 2509 averti
661 2485 684 2510 a
702 2475 914 2518 confusione

131 2525 333 2568 sputorum.
356 2520 555 2567 Proprium
577 2521 678 2558 enim
696 2522 912 2558 Judaeorum

133 2572 230 2612 erat,
251 2567 288 2604 iu
320 2572 577 2613 contemptum
610 2579 653 2605 ac
685 2568 913 2616 vituperium

133 2619 171 2653 et
198 2616 431 2662 despectum,
451 2626 584 2662 spuere
614 2617 650 2652 in
677 2616 811 2653 faciem
834 2617 914 2663 ejus

134 2674 245 2711 quem
260 2663 511 2709 abjiciebant;
531 2667 661 2700 ettam
683 2664 916 2701 horribiliter

136 2715 173 2748 et
210 2711 444 2748 incessanter
481 2711 520 2747 in
559 2710 672 2748 facies
718 2711 914 2748 hominum

134 2759 332 2806 spuebant,
353 2762 394 2794 ut
415 2758 643 2806 quandoque
661 2769 727 2795 eos
752 2759 915 2796 suffoca-

984 199 1082 232 rent.
1102 196 1194 238 Qnid
1215 195 1387 242 turpius?
1407 192 1501 238 Quid
1519 192 1734 239 despectius
1748 192 1765 227 ’.θ

985 243 1078 286 Quid
1102 243 1391 279 imoniiinosiiis
1421 245 1457 278 ct
1485 238 1763 284 vituperiosius,

985 300 1096 336 qnam
1122 290 1156 326 iu
1181 291 1312 326 sai-iem
1335 299 1529 336 exspuere,
1549 295 1584 324 et
1603 287 1763 323 maxime

987 338 1021 373 iu
1062 337 1162 373 illam
1198 338 1328 373 sai-iem
1366 335 1696 383 speciosissimam,
1726 336 1764 368 in

986 396 1095 430 quam
1112 385 1321 419 ‹tesiam-«int
1337 386 1470 425 Annali
1486 385 1692 428 prospicere
1704 384 1722 417 ἶ)
1737 381 1765 417 Ο
1801 418 1803 421 ,

985 443 1097 478 quam
1129 443 1228 467 cauca
1259 431 1449 467 aemulatio
1473 430 1679 466 infelicium
1702 430 1768 465 Ju-

986 480 1169 524 danorum,
1189 478 1252 525 qui
1285 490 1358 514 non
1389 479 1662 513 exhorruerunt
1687 482 1766 512 tur-

986 526 1150 574 pissimis
1170 527 1286 571 sputis
1308 527 1386 561 suis
1409 525 1598 560 maculare
1633 527 1667 559 et
1701 524 1766 560 de-

987 579 1137 620 turpzire
1152 573 1284 610 faciem
1301 577 1376 608 tam
1392 572 1612 614 amabilem;
1634 575 1670 607 ct
1690 582 1766 607 non

987 625 1132 657 tautum
1155 620 1387 665 simplicibus
1404 619 1531 655 salivae
1548 618 1680 665 sputis,
1700 619 1766 654 sed

989 667 1244 705 verisimiliter
1270 668 1382 704 etiam
1412 666 1492 703 suis
1519 665 1766 702 excreationi-

988 717 1057 752 bus
1073 715 1338 751 l'oetidissimis!
1360 716 1461 751 Unde
1478 714 1673 749 Matthaeus
1691 724 1764 748 nou

987 763 1099 799 dicit:
1119 766 1319 809 spuerunt,
1342 763 1405 798 sed
1422 764 1658 804 exspuerunt,
1680 771 1768 805 qua-

988 811 1016 846 si
1037 811 1244 847 excreando
1263 813 1457 856 spuerunt.
1479 810 1623 844 Marcus
1641 812 1765 843 autem

987 858 1091 903 dicit,
1118 861 1375 904 conspuerunt,
1395 856 1484 903 quia
1516 866 1588 891 non
1623 858 1770 890 tantum

989 917 1100 949 unus,
1123 907 1186 941 sed
1210 906 1336 952 plures
1359 904 1466 940 simul
1491 904 1562 939 hoc
1584 903 1767 938 fecerunt.

990 955 1031 989 Et
1057 953 1110 989 sie
1131 953 1195 989 illa
1221 952 1334 988 ficies
1366 952 1564 988 benedicta
1596 951 1693 986 facta
1714 954 1771 985 est

987 1001 1040 1037 ita
1060 999 1338 1041 abominabilis„
1359 998 1464 1045 quasi
1483 1001 1581 1034 esset
1604 998 1768 1044 leprosa,

988 1060 1029 1084 ex
1047 1052 1165 1095 sputis
1186 1052 1222 1084 et
1243 1048 1477 1091 verberibus,
1501 1056 1583 1090 quoe
1605 1045 1637 1081 ei
1661 1044 1770 1080 dede-

987 1101 1098 1139 runt;
1122 1095 1294 1132 subditur
1311 1096 1413 1130 enim
1432 1106 1439 1129 :
1458 1095 1539 1129 Alii
1555 1097 1674 1128 autem
1692 1094 1770 1138 pal-

988 1154 1066 1179 mas
1087 1146 1125 1179 in
1145 1144 1278 1185 faciem
1299 1143 1378 1187 eJ'us
1404 1142 1593 1176 dederunt.
1619 1141 1693 1176 Huc
1715 1142 1772 1174 est

989 1195 1119 1227 contra
1140 1189 1224 1226 illos
1247 1189 1308 1236 qui
1331 1188 1555 1225 adulterinis
1582 1186 1771 1224 coloribus

988 1249 1125 1274 ornare
1147 1248 1232 1274 suas
1256 1237 1427 1273 nituntur
1447 1235 1575 1272 facies.

1041 1300 1075 1322 11
1104 1287 1180 1321 Duo
1205 1296 1417 1321 nocem-:xm
1441 1296 1484 1319 nx
1513 1294 1772 1328 coxsrunoxe,

987 1345 1096 1369 ACTUS
1115 1344 1423 1369 coxronumoxrs
1444 1344 1484 1367 nr
1505 1343 1648 1367 omno.
1666 1332 1772 1366 —Ex

988 1381 1058 1417 hoc
1085 1381 1244 1417 articulo
1277 1379 1536 1426 consputionis
1567 1378 1606 1414 in
1638 1378 1771 1415 faciem

989 1432 1193 1465 sumuntur
1226 1428 1300 1464 duo
1329 1428 1566 1463 documenta.
1604 1425 1770 1462 Primum

988 1480 1058 1520 est,
1075 1476 1174 1522 qued
1194 1486 1260 1511 nos
1282 1475 1484 1522 diligenter
1505 1483 1704 1510 caveamus
1725 1484 1771 1509 ue

989 1529 1025 1560 et
1046 1534 1113 1559 nos
1131 1533 1324 1569 umquam,
1349 1533 1430 1558 cum
1452 1521 1608 1564 Judaeis,
1631 1520 1768 1557 Christi

989 1570 1122 1607 faciem
1141 1580 1411 1616 conspuamns,
1427 1568 1529 1616 quod
1553 1567 1675 1604 modis
1694 1568 1773 1614 plu-

988 1618 1094 1654 ribus
1122 1618 1175 1653 fit.
1205 1617 1331 1653 Primo
1363 1627 1540 1663 namque,
1566 1616 1771 1652 secundum

987 1667 1249 1710 Hieronymum
1270 1693 1278 1709 ,
1316 1664 1450 1700 faciem
1498 1662 1635 1700 Christi
1683 1674 1770 1699 con-

989 1717 1139 1760 spuunt,
1156 1714 1218 1759 qui
1233 1711 1507 1748 conscientiam
1530 1721 1636 1747 suam
1661 1710 1772 1746 soedis

988 1760 1281 1807 cogitationibus
1302 1764 1338 1796 et
1359 1759 1570 1796 actionibus
1587 1759 1770 1803 polluunt.

988 1808 1175 1852 Quoniam
1191 1808 1292 1844 enim
1314 1806 1485 1844 Christus
1500 1805 1771 1842 conscientiam

988 1860 1160 1893 sanctam
1180 1854 1381 1897 inhabitat,
1405 1854 1443 1890 in
1465 1864 1540 1900 qua
1558 1853 1622 1890 Dei
1644 1853 1770 1895 facies.

987 1903 1025 1940 id
1047 1907 1104 1940 est
1123 1903 1248 1950 imago
1270 1902 1430 1946 relucet;
1457 1901 1543 1937 hinc
1574 1904 1644 1945 est,
1672 1901 1773 1948 quod

989 1951 1050 1998 qui
1072 1951 1345 1987 conscientiam
1372 1960 1478 1986 suam
1501 1948 1664 1996 peccatis
1683 1949 1771 1995 pol—

989 1998 1070 2037 luit.
1093 1998 1199 2045 quasi
1219 2002 1370 2044 sputum
1404 1997 1442 2033 in
1468 1996 1605 2034 Christi
1638 1996 1772 2033 faciem

990 2047 1150 2093 projicit.
1185 2047 1229 2082 Et
1260 2045 1359 2089 ideo,
1394 2044 1485 2081 dicit
1515 2046 1772 2089 Hieronymus,

989 2094 1089 2141 quod
1109 2093 1290 2130 Dominus
1313 2096 1442 2129 noster
1458 2092 1495 2128 in
1511 2091 1645 2128 faciem
1663 2102 1770 2128 suam

989 2141 1143 2188 conspui
1166 2140 1297 2185 voluit,
1321 2144 1358 2177 ut
1381 2139 1661 2186 sputaminibus
1685 2149 1769 2175 sus-

989 2190 1106 2234 ceptis
1131 2188 1263 2225 saciem
1291 2188 1427 2224 anima:
1450 2191 1586 2223 nostrae
1613 2187 1770 2223 lavaret.

989 2237 1175 2279 Secundo,
1195 2235 1401 2272 secundum
1424 2235 1630 2278 Rabanum,
1650 2234 1703 2270 illi
1731 2234 1769 2269 in

989 2284 1122 2320 faciem
1142 2283 1279 2320 Christi
1301 2287 1498 2329 exspuunt,
1521 2282 1585 2329 qui
1608 2292 1769 2328 praesen·

990 2333 1079 2368 tiam
1104 2331 1235 2377 gratiae
1270 2331 1350 2377 ejus
1377 2330 1613 2367 exsecrandis
1644 2328 1769 2366 verbis

989 2391 1031 2415 ex
1049 2379 1200 2415 interna
1221 2389 1330 2415 caecae
1351 2377 1488 2414 mentis
1507 2377 1654 2413 insania
1675 2387 1770 2413 con-

989 2428 1120 2473 ceptis,
1142 2428 1337 2471 respuunt,
1360 2429 1396 2461 et
1414 2435 1499 2461 eum
1518 2424 1557 2460 in
1579 2435 1691 2461 carne
1712 2434 1771 2460 ve-

989 2475 1090 2510 nisse
1111 2477 1263 2519 negant.
1285 2473 1424 2513 Tertio,
1447 2473 1652 2509 secundum
1675 2472 1770 2508 Gre—

988 2524 1145 2566 qon‘um,
1171 2521 1361 2557 infaciem
1385 2519 1521 2556 Christi
1539 2522 1768 2566 conspuunt,

989 2570 1051 2615 qui
1070 2569 1191 2615 justos
1209 2572 1246 2604 et
1268 2572 1420 2605 sanctos
1441 2567 1479 2603 in
1497 2567 1674 2614 praesenti
1696 2569 1769 2602 vita

990 2618 1200 2660 confutant,
1229 2619 1266 2652 et
1294 2615 1332 2652 in
1364 2625 1495 2652 eorum
1524 2614 1772 2651 contumelias

990 2666 1088 2700 fluxa
1128 2665 1258 2708 verba,
1292 2662 1400 2710 quasi
1437 2664 1596 2699 fluentes
1635 2662 1771 2698 salivas

991 2711 1156 2748 mittunt.
1179 2712 1319 2755 Quarto
1347 2714 1470 2758 potest
1491 2710 1578 2753 dici,
1601 2710 1701 2756 quod
1723 2708 1770 2744 ad

991 2759 1154 2795 litteram
1194 2758 1384 2795 Christum
1425 2759 1461 2793 in
1503 2757 1635 2793 faciem
1673 2766 1771 2790 con-
