1924 3157
178 208 235 241 1ῖο
636 202 840 235 SECUNDAE
879 201 1035 234 l'AllTlS
1074 199 1210 233 CAPUT
1251 200 1361 234 inx

224 292 242 323 7
266 277 480 312 RESURGl-jui:
513 284 623 308 neni-:T
647 283 771 308 ANIMA.
801 291 843 297 —
874 273 943 307 lle-

177 334 287 367 surge
310 332 418 361 nunc,
441 319 567 356 anima
586 330 682 362 moa,
698 329 782 355 cum
799 318 944 370 Chri-<to

176 371 222 407 de
245 368 396 405 sordid·
410 369 549 413 peccati
570 367 785 412 sepulchro,
801 375 945 418 resp-ira

172 418 249 464 Jaru
272 418 307 451 in
331 426 435 462 spem
470 413 773 454 resurrectionis,
803 417 837 448 et
861 417 943 448 vitae

176 462 366 510 perennis.
394 464 461 498 l’ro
489 472 618 498 amore
646 462 708 497 Dei
738 471 945 512 moriamur

178 514 212 547 iu
233 509 408 557 praescuti
429 509 518 553 vita,
541 513 579 544 ut
604 511 686 553 post
706 513 947 559 resurrectio-

177 569 261 594 nem
282 557 451 593 vivamus
476 558 512 592 in
533 556 683 592 futura:
708 555 793 601 quia
825 565 854 590 51
878 564 943 599 pro

174 615 304 641 amore
322 603 459 641 Christi
476 614 572 639 nunc
597 607 786 638 mortuum
809 611 945 646 corpus·

176 658 383 699 portamus,
406 650 540 687 tuncin
562 649 776 686 laetabundo
792 648 944 695 gaudio,

180 711 265 736 cum
280 699 361 744 ipso
374 698 700 744 conregnabimus.
715 696 773 733 Sic
785 706 873 740 crgo
888 706 946 730 cu-

175 757 301 783 remus
330 746 513 782 intercsse
540 746 642 781 sestis
670 742 882 785 hominum,
908 745 944 776 ut

177 804 391 830 mereamur
409 793 522 829 etiam
553 794 732 827 interesse
756 789 857 825 sestis
876 790 946 824 An⁴

176 841 361 887 gelorum.
382 841 486 876 Unde
501 839 552 875 ait
571 840 793 882 Greqorius:
817 850 832 868 (t
854 837 945 888 Eece

180 887 377 924 paschalia
403 885 585 923 solemnia
616 884 783 931 agiuius;
807 883 872 936 sed
896 886 947 918 ita

174 935 376 971 vivendum
401 938 453 969 est
477 932 599 975 uobis,
622 936 661 967 ut
682 940 879 977 pervenire
898 930 945 965 ad

176 986 317 1018 aeterna
345 982 439 1017 festa
474 990 700 1016 mercamur.
735 979 946 1013 Transeunt

174 1033 322 1067 cuncta.
348 1039 431 1074 quae
454 1026 714 1073 temporaliter
735 1026 867 1061 festive
891 1035 948 1077 (τρ-

174 1077 395 1119 lebrantur3
424 1079 566 1118 curate,
591 1073 653 1120 qui
681 1072 738 1108 his
761 1073 947 1108 solemni-

175 1124 314 1160 tatibus
340 1121 545 1166 interestis,
573 1133 616 1156 ne
643 1121 690 1157 ab
720 1123 861 1156 aeternzi
879 1130 947 1154 so—

173 1170 366 1208 lemnitate
399 1167 640 1206 senaremini.
670 1167 766 1211 Quid
794 1167 948 1213 prodest

175 1218 357 1254 interesse
390 1218 494 1253 festis
516 1215 727 1256 hominum,
762 1214 792 1250 si
817 1214 946 1249 deesse

175 1265 366 1311 contingat
398 1263 500 1300 fisus
519 1262 781 1309 Angelorum?
809 1261 947 1313 Umbra

173 1317 343 1349 ventui-ae
367 1310 617 1347 soliimnitatis
647 1313 704 1345 cst
728 1309 946 1361 solemnitas

173 1370 354 1406 praesens.
380 1358 519 1394 Idcirco
529 1359 625 1393 hanc
640 1368 767 1393 annue
783 1366 945 1401 agimus,

176 1411 213 1444 ut
234 1408 279 1443 ad
303 1406 420 1448 iilam,
443 1416 526 1452 quae
543 1416 615 1440 non
638 1410 848 1446 estanuua‚
865 1412 947 1448 per-

173 1455 368 1491 ducamur.
394 1454 484 1490 Cum
516 1453 595 1488 haec
617 1456 758 1487 statuto
776 1454 947 1495 tempore

174 1502 333 1548 geritur,
355 1501 402 1537 ad
416 1499 515 1536 illius
538 1497 767 1535 desiderium
796 1507 947 1548 memo-

174 1549 231 1585 ria
251 1552 380 1584 nostra
403 1547 613 1583 refricatur.
629 1547 948 1591 Frequentutioue

175 1607 265 1642 crgo
291 1595 418 1642 gaudii
460 1594 694 1639 temporalis,
725 1594 771 1628 ad
806 1595 949 1627 aeterna

174 1644 314 1691 gaudia
334 1653 437 1678 mens
456 1641 658 1677 incalescat
679 1644 715 1676 et
736 1640 890 1692 ferveat,
911 1642 950 1674 ut

177 1702 219 1727 ex
243 1690 398 1726 veritate
422 1688 550 1725 laetitia
574 1690 788 1734 perfruatur
821 1697 858 1721 in
884 1697 946 1731 pa-

176 1738 250 1774 tria
265 1740 363 1784 quod
386 1738 432 1773 de
453 1738 586 1773 umbra
599 1734 726 1780 gaudii
749 1734 950 1769 meditatur

172 1785 211 1822 in
237 1787 317 1820 via:
338 1799 356 1817 υ
380 1785 462 1820 haec
489 1784 700 1827 Greqorz'us.

222 1836 242 1869 8
278 1833 422 1868 meffi
453 1832 758 1867 Rasuansscnoms
792 1829 948 1865 CunisTi.

177 1900 217 1906 —
236 1878 408 1915 Christus
424 1877 749 1914 Resurrectionem
766 1887 871 1912 suam
888 1886 952 1928 per

178 1924 949 1975 Samsonernsoilissiniumoliiiifigurayit.

177 1973 240 2021 qui
266 1973 451 2010 civitatem
474 1972 713 2008 inimicorum
729 1981 882 2007 suorum
900 1981 954 2005 in-

1024 270 1147 305 troivit
1170 275 1205 305 et
1237 269 1375 305 ibidem
1402 273 1509 306 nocte
1541 271 1735 313 dormivit:
1761 275 1798 309 et

1019 328 1100 353 cum
1124 316 1263 352 inimici
1294 320 1417 360 portas
1438 316 1600 354 civitatis
1623 320 1796 356 custodi-

1020 372 1117 408 rent,
1142 368 1180 399 ut
1208 364 1327 409 ipsum
1360 375 1468 400 manc¹
1500 367 1795 411 comprehende-

1020 415 1116 454 rent,
1139 415 1175 445 vt
1196 410 1421 454 occi-terent,
1442 411 1520 457 ipse
1544 413 1665 450 invdia
1688 418 1795 450 nocte

1020 457 1194 500 surrexit,
1222 462 1258 493 et
1296 466 1441 503 portam
1478 459 1638 496 civitatis
1670 471 1796 497 secum

1020 505 1153 541 detulit
1186 504 1244 541 Sic
1272 505 1440 541 Christus
1466 507 1597 542 urbem
1631 508 1795 544 hostium

1020 562 1188 595 suorum,
1212 553 1281 588 hoc
1308 556 1364 588 est
1390 552 1593 597 infernum,
1622 558 1797 600 potenter

1021 599 1192 643 intravit3
1217 605 1252 635 et
1270 599 1459 636 destructo
1475 611 1534 644 eo,
1549 602 1672 638 media
1687 605 1795 638 nocte

1021 648 1234 682 resurrexit.
1253 647 1423 683 Christus
1437 647 1549 683 etiam
1564 658 1630 694 per
1646 650 1794 693 Jomm,

1021 695 1345 730 Resurrectionem
1384 705 1489 730 suam
1524 695 1794 742 praefiguravit,

1021 752 1130 786 quciii
1153 741 1190 776 iu
1218 745 1343 777 ventre
1371 742 1441 777 ceti
1469 753 1536 788 per
1556 742 1721 779 triduum
1742 743 1796 779 vi-

1020 799 1105 824 vum
1128 790 1376 833 conservavit,
1393 793 1428 825 et
1448 793 1533 836 p-›st
1552 791 1715 826 triduum
1740 801 1798 827 ce·

1020 840 1079 871 tus
1107 834 1226 881 ipsum
1253 836 1298 872 de
1336 847 1400 872 ore
1436 836 1472 872 in
1502 840 1639 873 terram
1673 837 1798 874 vivum

1020 881 1157 918 emisit.
1175 882 1256 918 Fuit
1272 882 1385 919 etiam
1404 884 1639 920 Resurrectio
1661 884 1798 921 Christi

1020 930 1261 975 praefigurata
1277 941 1342 976 per
1354 930 1530 976 lapidem,
1543 941 1651 977 quem
1670 943 1798 976 repro-

1021 978 1203 1013 baverunt
1223 977 1453 1013 aedificant‹·s
1472 979 1652 1024 templum
1672 979 1798 1015 Domi-

1022 1023 1071 1059 ni.
1088 1023 1153 1066 Qui
1176 1035 1256 1060 cuin
1276 1027 1323 1060 ab
1339 1024 1392 1061 eis
1407 1029 1561 1071 propter
1579 1026 1798 1072 ineptitudi-

1022 1081 1108 1106 nvm
1130 1072 1298 1117 abjectus
1320 1077 1431 1116 esset,
1451 1073 1601 1109 tandem
1625 1084 1799 1110 consum-

1023 1124 1123 1154 mato
1140 1119 1291 1165 templo.
1305 1130 1388 1156 cuin
1401 1120 1492 1166 lapis
1505 1120 1695 1166 angularis
1710 1121 1798 1166 poni

1023 1166 1189 1209 deberet,
1209 1165 1271 1212 qui
1290 1166 1327 1202 in
1348 1178 1386 1203 se
1406 1167 1500 1203 duos
1523 1167 1681 1211 parietes
1700 1179 1798 1205 com-

1021 1215 1215 1258 plet-teret,
1238 1225 1311 1249 non
1341 1219 1397 1250 est
1430 1217 1600 1251 inventus
1633 1215 1725 1260 lapis
1753 1215 1800 1252 ad

1021 1261 1091 1296 hoc
1112 1265 1234 1306 aptus,
1251 1260 1321 1297 nisi
1343 1261 1405 1297 ille
1427 1261 1489 1307 qui
1511 1263 1558 1299 ab
1580 1263 1800 1299 aedificanti-

1021 1308 1090 1343 bus
1118 1310 1238 1344 tuerat
1262 1309 1496 1354 reprobatus.
1524 1309 1692 1346 Christus
1720 1314 1800 1347 erat

1021 1354 1116 1401 lapis
1137 1357 1360 1400 reprobatus
1394 1356 1434 1392 iii
1456 1367 1521 1392 sua
1542 1358 1741 1402 Pa‹si0ne;
1763 1360 1800 1394 et

1023 1403 1141 1437 sactus
1162 1406 1218 1438 est
1237 1403 1409 1439 Ecclesiae
1428 1403 1521 1449 lapis
1537 1404 1743 1449 angularis,
1760 1404 1799 1440 in

1023 1460 1090 1485 sua
1102 1450 1517 1487 ResurrectioneTunc
1529 1452 1802 1496 adampletacst

1024 1497 1086 1532 illa
1108 1497 1306 1543 prophetia
1332 1497 1447 1534 David
1469 1509 1477 1534 z
1500 1500 1675 1544 Lapidem
1696 1510 1800 1545 quem

1022 1545 1306 1589 reprobaverunt
1337 1546 1569 1590 aeutificantes,
1599 1548 1657 1582 liic
1679 1549 1800 1589 factus

1025 1595 1075 1626 est
1093 1593 1131 1627 in
1151 1596 1260 1637 caput
1280 1594 1430 1636 αηῃιιίίς
1452 1597 1489 1629 et
1506 1592 1589 1629 ideo
1610 1593 1691 1640 ipsa
1711 1605 1798 1630 can-

1026 1642 1124 1674 tatur
1135 1640 1168 1674 in
1187 1640 1247 1675 die
1261 1640 1353 1675 festo
1369 1641 1682 1677 Resurrectionis.
1696 1641 1801 1686 Lapis

1024 1685 1094 1722 iste
1116 1686 1211 1723 duos
1241 1687 1404 1734 parietes
1433 1689 1466 1723 in
1493 1689 1631 1734 templo
1653 1688 1800 1726 Domini

1025 1733 1259 1778 coadunavit,
1283 1735 1370 1780 quia
1397 1735 1564 1772 Christus
1595 1736 1641 1772 de
1664 1737 1800 1783 populo

1026 1781 1161 1816 Geutili
1189 1785 1224 1817 et
1252 1782 1408 1818 Judaico
1443 1793 1555 1819 unam
1596 1784 1800 1819 Ecclesiam

1026 1827 1225 1864 aedificavit
1252 1841 1260 1873 ;
1301 1832 1336 1865 in
1372 1830 1443 1865 hoc
1481 1834 1608 1866 autem
1640 1830 1800 1867 aedificio

1028 1886 1093 1920 pro
1113 1880 1296 1912 caemento
1312 1887 1399 1913 usus
1415 1882 1471 1913 est
1486 1888 1553 1914 suo
1572 1877 1798 1924 prvtiosissi·

1028 1933 1087 1958 mo
1122 1923 1321 1970 sauguine,
1356 1927 1393 1960 et
1427 1935 1491 1970 pro
1520 1924 1706 1972 lapidibus
1732 1936 1800 1961 suo

1026 1970 1281 2010 sacratissimo
1303 1982 1475 2018 corpore.

906 2103 1075 2140 ORATIO

223 2245 380 2283 Domine
398 2247 485 2281 Jesu
508 2242 669 2287 Christe,
692 2242 823 2278 dulcor
843 2240 964 2284 unice,
987 2239 1049 2286 qui
1076 2237 1196 2285 ruptis
1224 2237 1383 2273 vinculis
1409 2238 1555 2282 mortis,
1583 2237 1800 2283 glorificasti

173 2304 307 2339 corpus
334 2299 451 2335 tuum,
471 2296 507 2327 et
535 2292 571 2326 in
593 2294 669 2327 tam
689 2287 874 2325 ineffabili
896 2286 1016 2333 gloria
1040 2285 1245 2329 surrexisti,
1268 2295 1401 2331 precor
1423 2290 1461 2320 et
1481 2285 1636 2337 obsecro
1658 2288 1706 2321 te.
1734 2296 1800 2331 per

170 2344 275 2377 tuam
302 2338 628 2376 Resurrectionem
653 2336 841 2379 floridam,
865 2335 913 2371 da
935 2333 1023 2370 mihi
1048 2337 1086 2369 ut
1108 2344 1130 2369 a
1150 2332 1269 2385 vitiis,
1285 2335 1320 2367 ct
1337 2342 1359 2368 a
1379 2336 1499 2368 morte
1521 2342 1656 2368 animae
1675 2343 1798 2369 resur-

173 2398 278 2433 gens,
302 2389 339 2424 in
358 2387 561 2422 virtutibus
583 2386 731 2430 semper
749 2385 919 2425 floream,
937 2386 974 2418 et
992 2383 1028 2417 iri
1052 2380 1214 2416 novitate
1237 2383 1321 2414 vitae
1339 2378 1543 2420 ambulem,
1562 2383 1603 2432 ut
1622 2390 1801 2433 quaensur-

173 2445 253 2471 sum
271 2438 357 2471 suut
376 2444 543 2481 quaeram
569 2436 604 2469 et
625 2431 782 2478 sapiam,
805 2441 877 2466 nou
897 2440 979 2475 quae
995 2439 1107 2474 super
1125 2432 1277 2463 terram.
1299 2427 1370 2462 Per
1392 2430 1464 2462 tuae
1486 2426 1665 2480 claritatis
1687 2435 1800 2463 virtu-

172 2486 261 2527 tem,
280 2493 398 2529 purga
425 2491 587 2517 animam
625 2489 745 2515 ineam
777 2489 799 2514 a
821 2476 989 2513 tenebris
1009 2479 1269 2522 peccatorum
1293 2478 1329 2510 et
1349 2484 1416 2526 per
1433 2475 1605 2510 eamdem
1624 2477 1800 2510 virtutem

175 2529 234 2566 die
254 2528 477 2566 universalis
494 2525 784 2564 resurrectionis
802 2535 888 2561 caro
910 2535 994 2560 mea
1014 2526 1186 2569 resurgat
1203 2522 1249 2558 ad
1264 2521 1437 2567 gloriam,
1451 2524 1490 2557 ut
1505 2525 1628 2557 tecum
1643 2526 1800 2557 aeterna-

171 2575 256 2613 liter
278 2577 314 2612 in
335 2581 494 2621 utroque
518 2575 717 2621 gaudeam.
742 2575 873 2609 Amen.
