1924 3157
172 163 231 199 136
632 160 837 196 SECUNDAE
873 160 1028 196 PARTIS
1065 158 1202 194 CAPUT
1240 159 1348 194 LXIV

171 232 428 270 Redeuntibus
441 229 656 268 autemillis
671 241 802 268 versus
818 232 943 268 Domi-

173 291 277 325 num,
297 284 336 316 ut
357 280 523 315 viderunt
541 289 618 314 eum
635 279 714 324 jam
734 282 912 315 mortuum
935 294 942 316 :

169 339 214 365 eo
231 327 329 374 quod
350 325 545 363 acerbiora
564 325 746 372 supplicia
768 337 878 372 quam
896 327 947 362 la-

166 379 294 411 trones
315 373 523 420 pertulerat
555 373 610 409 ve]
633 375 720 419 quia
744 374 838 410 sorte
860 377 947 409 ante

168 423 262 459 alios
287 431 488 467 suspensus
511 419 593 464 fuit,
609 421 665 457 vel
687 420 775 467 quia
793 425 949 466 potesta-

168 473 237 506 tem
259 469 418 514 ponendi
455 469 618 503 animam
640 478 746 504 suam
786 468 915 504 habuit
937 479 945 511 ;

168 527 240 552 non
265 517 455 560 freqerunt
489 515 568 560 ejus
601 526 722 560 crura,
751 515 839 561 quia
878 516 948 550 hoc

171 573 247 599 non
270 563 395 607 siebat,
417 561 488 598 nisi
509 562 557 598 ad
576 562 647 598 hoc
668 563 767 609 quod
790 562 949 597 evadere

174 620 248 646 non
268 612 420 656 possent
439 609 598 656 depositi
621 610 666 646 de
693 608 887 656 patibulis,
911 612 951 644 ut

175 658 388 703 impleretur
405 658 640 693 consecutive
656 659 862 702 Scriptura,
879 666 952 701 qua

176 704 312 740 dicitur
328 706 362 740 in
384 704 508 740 Exodo
525 716 533 741 z
550 704 596 740 Os
614 716 685 740 non
706 705 952 740 comminuetis

179 762 224 787 ecc
247 762 298 793 eo,
323 751 477 796 scilicet,
501 762 543 788 ex
568 751 732 787 Paschali
755 762 865 796 agno,
889 750 951 795 qni

178 809 308 835 verum
329 800 476 845 Agnum
493 800 572 843 Dei,
594 798 733 834 scilicet
748 797 951 841 Christum,

177 847 459 893 praefigurabat,
499 846 560 889 qui
586 849 754 881 mortuus
788 845 865 890 jam
889 855 951 879 co-

177 897 257 930 ctus
278 894 324 929 ad
348 903 452 929 esum
476 892 646 928 fidelium
669 894 761 928 erat.
786 892 872 927 Ideo
895 895 950 926 et-

178 940 277 977 enim
301 938 538 976 ordinatione
567 939 693 975 divina
710 940 952 974 constitutum

175 991 245 1031 est,
271 990 310 1022 ut
329 997 415 1023 ossa
435 985 523 1032 agni
545 985 735 1022 Paschalis
756 996 832 1021 non
851 985 952 1020 fran-

174 1038 368 1082 gerentur,
390 1033 477 1080 quia
498 1033 577 1069 veri
596 1033 692 1080 Agni
715 1043 801 1068 ossa
815 1032 852 1067 in
874 1043 954 1068 cru-

175 1093 217 1118 ce
236 1082 353 1117 fracta
382 1091 459 1117 non
483 1084 585 1125 sunt,
608 1084 648 1115 ut
669 1081 719 1116 sic
756 1080 878 1126 figura
919 1083 955 1115 ct

174 1128 314 1165 veritas
331 1129 685 1174 corresponderent.
707 1128 792 1172 Sed,
812 1130 852 1163 ut
872 1137 954 1162 cer·

171 1176 410 1213 tificarentur
441 1175 487 1211 de
508 1178 628 1211 morte
650 1175 742 1222 ejus,
777 1185 870 1209 unus
891 1176 956 1209 mi-

178 1225 297 1268 litum,
318 1221 507 1268 Longinus
521 1222 688 1267 nomine,
707 1225 803 1267 'tunc
821 1221 956 1267 impius

178 1273 216 1308 et
237 1271 435 1317 superbus,
458 1273 541 1315 post
570 1280 658 1305 vero
691 1279 892 1305 conversus
922 1271 958 1304 et

182 1319 321 1364 Martyr
355 1317 489 1361 sactus,
515 1316 710 1363 porrigens
747 1316 887 1352 ferrum
911 1316 956 1351 de

182 1366 292 1411 longe
311 1366 436 1400 lancea
457 1374 604 1400 sacrum
635 1366 730 1399 latus
751 1363 843 1408 ejus,
864 1362 958 1398 scili-

183 1417 242 1449 cet
279 1411 428 1447 Domini
463 1412 561 1455 Jesu,
596 1411 767 1457 dextrum
807 1410 958 1446 vulnere

179 1458 313 1505 grandi
340 1460 514 1505 aperuit:
552 1455 847 1504 ut'impleretur
885 1458 959 1493 alia

183 1509 390 1552 Scriptura,
403 1516 470 1552 per
484 1515 525 1541 os
540 1504 683 1541 scilicet
699 1503 889 1541 Zachariae
906 1505 960 1540 di-

187 1564 267 1590 cens
282 1566 292 1589 ε
308 1554 491 1591 Videbunt
502 1554 541 1588 in
557 1563 661 1598 quem
675 1554 939 1598 transsioeerunt
948 1563 957 1597 ;

183 1601 223 1637 in
249 1610 325 1647 qua
349 1599 559 1647 prophetia,
592 1600 797 1636 secundum
829 1600 958 1644 Λαρα-

181 1650 332 1693 sunum,
352 1646 561 1694 promissus
588 1651 645 1683 est
667 1646 835 1684 Christus
855 1647 894 1682 in
916 1657 960 1683 ea

182 1706 256 1743 qua
281 1695 478 1731 crucifiims
496 1698 551 1731 est
571 1705 683 1730 carne
705 1698 900 1730 venturus.
917 1696 960 1729 Et

180 1746 271 1780 nota
291 1742 390 1789 quod
408 1741 478 1778 iste
494 1742 599 1777 miles
611 1741 697 1777 fecit
712 1743 782 1778 hoc
800 1743 845 1777 ad
865 1752 961 1777 com-

180 1789 408 1838 placentiam
419 1789 649 1834 Judaeorum,
665 1789 711 1825 de
725 1793 843 1825 morte
858 1788 960 1825 Chri—

181 1838 227 1874 sti
242 1836 443 1873 certificari
459 1836 680 1872 volentium.
703 1838 743 1872 In
759 1847 832 1880 quo
848 1837 961 1872 etiam

182 1888 287 1932 patet
316 1883 433 1920 nimia
449 1884 614 1930 ipsorum
638 1883 851 1929 crudelitas,
874 1883 962 1929 qnia

184 1943 261 1968 non
295 1930 421 1967 satiati
454 1929 588 1976 poenis,
618 1941 710 1976 quas
734 1931 880 1967 Christo
907 1932 961 1965 vi-

186 1977 286 2015 venti
307 1978 533 2022 inssixerant,
549 1977 662 2014 etiam
678 1982 868 2014 mortuum
884 1978 962 2014 vul-

186 2036 322 2063 nerare
337 2026 461 2061 conati
480 2029 580 2061 sunt.
602 2025 660 2061 Sic
678 2029 714 2061 et
730 2025 840 2061 hodie
859 2025 963 2062 Chri-

185 2076 284 2110 stum
300 2073 415 2109 semel
435 2072 653 2109 crucifixum
668 2076 823 2109 conatur
836 2083 965 2108 rursus

190 2120 401 2165 vulnerare,
435 2121 498 2166 qui
526 2121 605 2156 sine
639 2121 774 2156 timore
811 2130 965 2166 peccare

189 2167 396 2214 praesumit,
411 2167 468 2203 vel
495 2166 541 2202 de
562 2170 715 2214 peccato
737 2178 776 2203 se
807 2169 964 2214 jactare.

186 2215 291 2252 Unde
311 2215 552 2259 Theophilus:
574 2226 592 2248 (1
610 2215 656 2250 Ut
671 2214 811 2251 Judaeis
828 2214 965 2250 milites

188 2262 461 2309 complaceant,
472 2261 647 2298 lanceant
657 2262 858 2307 Christum,
868 2261 967 2298 circa

183 2320 317 2356 corpus
339 2309 510 2345 exanime
529 2309 778 2345 contumelias
799 2309 965 2346 inferen-

184 2362 253 2392 tes.
273 2370 292 2388 ›>
316 2357 419 2392 Unde
440 2360 477 2392 et
501 2357 776 2402 Chrysoslomus
796 2372 802 2393 :
829 2369 846 2391 «
868 2357 964 2401 Ape—

183 2406 341 2440 ruerant
363 2405 442 2450 eJus
463 2407 606 2440 costam
640 2404 786 2449 lancea,
814 2407 964 2440 mortuo

182 2451 332 2497 corpori
357 2452 401 2487 (16
422 2450 567 2497 reliquo
592 2451 855 2496 convitiantes,
877 2461 965 2487 nam

183 2501 220 2535 et
244 2498 285 2534 in
306 2502 497 2534 mortuum
519 2498 716 2535 convitiari
737 2509 874 2544 corpus
894 2498 966 2534 mi-

184 2545 303 2590 litem,
326 2545 442 2580 multo
463 2545 626 2582 deterius
643 2546 727 2591 fuit,
749 2556 861 2592 quam
880 2557 964 2582 cru-

187 2592 300 2639 cifigi.
318 2605 337 2625 »
359 2593 491 2628 Fertur
511 2596 637 2629 autem
653 2593 752 2639 quod
766 2594 883 2636 illius,
901 2592 963 2639 qui

191 2650 276 2676 eum
303 2639 502 2684 lanceavit,
523 2651 607 2676 cum
634 2641 712 2676 fere
739 2641 966 2688 caligassent

191 2686 288 2723 oculi
303 2697 380 2733 prae
394 2690 598 2729 senectute,
609 2693 646 2723 et
657 2698 761 2733 casu,
771 2693 826 2724 vel
840 2688 965 2735 potius

192 2739 286 2770 nutu
311 2733 449 2779 divino,
473 2734 568 2770 sicut
594 2738 628 2770 et
655 2735 855 2781 lanceavit,
878 2735 965 2772 licet

192 2781 376 2827 nesciens,
388 2782 569 2827 sanguine
578 2781 710 2818 Christi
720 2783 964 2829 perlanceam

1021 232 1210 268 defluente
1237 229 1363 266 oculos
1393 232 1578 276 tangeret,
1615 225 1791 278 continuo

1022 279 1119 314 clare
1140 276 1245 322 vidit,
1268 280 1304 313 et
1323 278 1492 322 protinus
1508 274 1738 313 illuminatus
1755 282 1795 308 m

1023 326 1211 361 Christum
1239 323 1409 360 credidit.
1438 325 1542 360 Unde
1580 326 1616 359 et
1650 320 1795 357 militiae

1024 373 1172 415 cedens,
1216 370 1419 407 instructus
1454 371 1500 407 ab
1526 369 1727 415 Apostolis,
1754 366 1796 402 in

1023 421 1193 456 Caesarea
1214 417 1458 464 Cappadociae
1471 418 1625 463 triginta
1637 419 1719 451 octo
1735 424 1799 466 an-

1025 468 1081 503 nis
1103 467 1359 502 monachicam
1393 466 1507 501 vitam
1543 463 1658 506 duxit,
1691 465 1728 498 et
1760 471 1799 496 111

1026 515 1125 550 omni
1146 512 1344 549 sanctitate
1365 522 1604 558 permanens,
1625 508 1740 546 verbo
1763 510 1800 544 et

1025 561 1193 606 exemplo
1214 560 1352 596 multos
1372 560 1419 596 ad
1438 558 1623 597 Christum
1644 565 1799 592 conver-

1026 608 1080 644 tit.
1102 610 1153 644 De
1172 619 1215 644 eo
1241 618 1388 654 quoque
1414 608 1465 643 sic
1487 605 1577 642 dicit
1597 604 1797 654 Isodorusf

1029 670 1047 689 «
1078 657 1223 691 Lancea
1256 656 1446 701 Longinus
1474 655 1570 690 latus
1597 652 1800 689 Salvatorls

1028 703 1186 749 aperuit,
1205 706 1241 738 et
1260 713 1335 738 non
1361 704 1506 738 tantum
1529 709 1677 736 venlam
1696 706 1800 732 mve-

1029 750 1096 793 nit,
1116 751 1180 786 sed
1193 749 1431 796 episcopatus
1451 751 1632 785 honorem
1649 749 1685 782 et
1704 753 1799 780 mar-

1027 798 1112 843 tyrii
1140 807 1315 833 eoronam
1337 795 1557 843 promeruit.
1582 808 1599 828 »
1622 795 1701 829 Non
1724 789 1801 827 suf-

1027 844 1114 880 sccit
1136 844 1276 881 Judaeis
1312 848 1348 880 et
1375 843 1458 879 aliis
1491 841 1590 889 quod
1615 839 1805 877 Christum

1029 891 1262 932 occiderunt,
1291 891 1357 927 sed
1391 892 1504 926 etiam
1538 892 1624 935 post
1643 890 1804 938 mortem

1030 937 1280 975 diversimode
1321 937 1545 973 deriserunt.
1574 934 1676 972 Istud
1716 933 1805 969 olim

1029 985 1100 1021 fuit
1126 985 1163 1020 in
1189 985 1350 1021 Absalon
1376 989 1663 1031 praeostensum,
1695 990 1807 1027 quem

1030 1032 1189 1078 legimus
1209 1032 1247 1068 in
1269 1032 1403 1068 arbore
1425 1040 1673 1077 suspensum3
1695 1030 1733 1065 et
1748 1038 1808 1063 ve-

1030 1080 1138 1116 niens
1159 1080 1354 1123 Joab,tres
1371 1079 1521 1115 lanceas
1541 1078 1580 1114 in
1595 1076 1708 1113 corde
1727 1075 1808 1121 ejus

1030 1127 1123 1166 fixit.
1147 1130 1183 1163 et
1203 1127 1380 1173 armigeri
1406 1127 1500 1163 Joab
1531 1124 1665 1171 gladiis
1685 1123 1807 1170 ipsum

1033 1174 1234 1211 crudeliter
1253 1174 1482 1210 invaserunt.
1504 1173 1563 1210 Sic
1587 1175 1623 1209 et
1641 1171 1809 1208 Christus

1032 1222 1071 1258 in
1110 1232 1219 1258 cruce
1263 1222 1394 1257 lancea
1415 1220 1558 1266 militis,
1594 1222 1631 1255 et
1656 1220 1809 1262 insuper

1032 1269 1152 1305 tribus
1171 1269 1323 1314 lanceis,
1346 1269 1382 1305 id
1403 1273 1459 1304 est
1477 1268 1598 1304 tribus
1614 1264 1809 1302 doloribus

1034 1320 1088 1353 est
1108 1317 1275 1353 confixus
1294 1328 1301 1352 :
1324 1326 1481 1362 quorum
1497 1314 1658 1361 primum
1677 1312 1810 1363 habuit

1033 1375 1077 1400 ex
1094 1363 1332 1410 propriarum
1351 1373 1551 1410 poenarum
1572 1359 1809 1407 magnitudi-

1034 1422 1101 1455 ne3
1124 1411 1345 1455 secundum,
1363 1422 1405 1446 ex
1423 1410 1568 1446 dilectae
1589 1406 1716 1445 Matris
1731 1416 1808 1442 suae

1035 1457 1287 1495 amaritudine
1297 1470 1307 1503 ;
1319 1457 1487 1502 tertium,
1507 1468 1551 1493 ex
1568 1457 1809 1503 peccatorum

1035 1505 1320 1551 ingratitudine,
1355 1504 1490 1551 quibus
1519 1513 1624 1540 suam
1655 1500 1810 1538 Passio-
1838 1509 1841 1511 ’

1035 1563 1121 1588 116111
1134 1552 1321 1599 praescivit
1331 1563 1407 1587 non
1419 1551 1654 1598 profuturam
1663 1549 1755 1585 fore.
1767 1549 1812 1584 Et

1034 1600 1073 1636 in
1093 1611 1204 1646 super
1222 1610 1333 1646 super
1349 1600 1434 1644 hoc,
1453 1597 1574 1636 Judaei
1596 1597 1811 1634 invaserunt

1036 1659 1119 1684 eum
1140 1647 1274 1693 gladiis
1310 1646 1522 1693 linguarum
1543 1654 1696 1682 suarum
1717 1653 1812 1680 acu-

1035 1694 1191 1731 tissimis
1214 1706 1222 1739 3
1250 1695 1320 1730 hoc
1350 1694 1461 1730 modo
1483 1704 1613 1730 omnes
1637 1692 1814 1728 volunta·

1036 1742 1082 1778 rii
1103 1746 1319 1789 peccatores
1341 1741 1529 1778 Christum
1546 1736 1816 1784 invadunt,qui

1037 1793 1168 1835 sponte
1190 1789 1395 1836 peccando,
1418 1788 1553 1825 iterato
1589 1787 1711 1833 ipsum
1730 1796 1814 1822 cru-

1037 1837 1205 1882 cifigunt.
1236 1838 1320 1872 Plus
1340 1839 1466 1873 autem
1487 1838 1655 1881 peccant,
1678 1833 1742 1880 qui
1761 1832 1814 1868 of-

1038 1885 1194 1921 fendunt
1215 1885 1405 1920 Christum
1426 1886 1646 1929 regnantem
1664 1882 1702 1917 in
1720 1880 1815 1917 divi-

1038 1932 1166 1975 nitate,
1191 1942 1304 1977 (1113111
1332 1932 1395 1977 (1111
1435 1930 1698 1967 crucifixerunt
1728 1937 1816 1965 eum

1040 1983 1323 2016 conversantem
1348 1978 1388 2014 in
1408 1977 1652 2015 humanitate.

1091 2030 1130 2062 15
1152 2028 1366 2063 MmACULuii
1398 2038 1439 2062 ET
1469 2035 1701 2062 SIGNIFICATIO
1728 2034 1814 2059 SAN-

1041 2085 1159 2110 Gmms
1198 2086 1239 2109 ET
1277 2085 1380 2115 AQUAE
1417 2085 1461 2109 ni:
1498 2085 1633 2110 LATERE
1671 2072 1816 2108 Cmusri

1041 2133 1224 2158 rte-amis.
1242 2142 1286 2148 -—
1307 2121 1378 2158 Sed
1390 2119 1620 2158 contumelia
1639 2130 1662 2156 a
1677 2117 1817 2156 Judaeis

1041 2169 1145 2205 illata
1165 2168 1205 2205 in
1224 2168 1372 2215 signum
1390 2168 1542 2216 prodiit,
1561 2167 1647 2214 quia
1666 2166 1713 2203 de
1733 2175 1816 2202 cor-

1043 2227 1131 2262 pore
1149 2218 1328 2252 exstincto
1348 2217 1498 2262 sanguis
1518 2225 1641 2259 verus,
1663 2216 1701 2250 et
1719 2223 1820 2259 aqua

1043 2274 1135 2309 pura
1146 2263 1366 2300 miraculose
1379 2265 1639 2299 manaverunt.
1650 2261 1754 2298 Unde
1766 2271 1820 2296 sc-

1041 2310 1168 2356 quitur
1191 2322 1199 2347 :
1221 2313 1269 2347 Et
1292 2313 1460 2347 contiuuo
1482 2312 1597 2346 exivit
1617 2309 1768 2353 sanquis
1789 2310 1823 2343 et

1042 2369 1151 2403 aqua,
1173 2369 1215 2395 ex
1227 2359 1360 2404 quibus
1374 2358 1514 2394 hahent
1528 2355 1736 2394 efficaciam
1753 2356 1821 2391 Ec-

1042 2405 1164 2441 clesiae
1184 2408 1432 2442 sacramenta.
1450 2407 1526 2441 Hoc
1537 2408 1662 2441 autem
1682 2403 1822 2439 factum

1040 2456 1109 2494 est,
1133 2453 1180 2489 ad
1201 2453 1478 2489 ostendendum
1501 2452 1601 2499 quod
1626 2461 1694 2498 per
1730 2451 1818 2486 Pas-

1039 2499 1185 2536 sionem
1208 2499 1346 2536 Christi
1377 2500 1529 2547 plenam
1553 2496 1819 2544 consequimur

1040 2547 1287 2593 ablutionem‚
1303 2547 1481 2584 sciliceta
1494 2545 1671 2594 peccatis,
1688 2549 1725 2580 et
1741 2555 1817 2580 ma-

1040 2594 1132 2630 culis
1148 2606 1156 2631 :
1181 2605 1202 2631 a
1220 2594 1384 2641 peccatis
1403 2595 1569 2641 quidem,
1585 2604 1652 2640 per
1669 2591 1819 2638 sangui-

1012 2664 1016 2665 ν
1039 2643 1225 2695 116111,.(1111
1241 2646 1297 2678 est
1314 2643 1476 2689 pretium
1502 2648 1641 2678 nostrae
1661 2639 1817 2675 redem-

1038 2688 1190 2736 ptionis,
1226 2690 1432 2726 secundum
1469 2689 1563 2725 illud
1589 2686 1712 2723 Petri:
1733 2688 1814 2724 Non

1040 2738 1340 2783 corruptibilibus
1360 2748 1449 2774 auro
1469 2740 1502 2773 et
1516 2739 1664 2781 arqento
1679 2735 1815 2770 redem-

1035 2785 1095 2829 pti
1108 2786 1207 2830 estis,
1220 2785 1282 2820 sed
1290 2787 1448 2830 pretioso
1459 2785 1637 2829 sanquine
1655 2783 1792 2819 Christi
1801 2794 1812 2824 ‚-
