1924 3157
155 213 211 248 182
604 215 810 250 SECUNDAE
846 215 1005 252 PARTIS
1042 215 1179 250 CAPUT
1217 214 1331 249 LXXI

791 429 974 478 CAPUT
1010 429 1153 476 LXXI

487 595 679 629 QUOMODO
699 595 826 623 MARIA
847 594 1092 624 MAGDALENA
1113 596 1161 623 ET
1177 595 1279 624 ALIAE
1299 596 1446 632 MARlAE,

400 648 451 677 ΕΤ
475 649 626 678 PETRUS
644 649 694 677 ET
714 648 888 678 JOANNES
915 649 1129 679 VENERUNT
1158 649 1210 677 AD
1232 649 1532 679 MONUMENTUM.

394 781 560 817 Matthaei
579 789 661 826 cap.
681 779 840 823 XXVIII,
858 778 972 832 Marci
990 789 1071 825 cap.
1096 780 1189 825 XVI,
1208 780 1317 816 Lucae
1337 789 1417 826 cap.
1438 779 1548 816 XXIV

767 829 805 862 et
822 828 980 863 Joanms
1001 836 1082 873 cap.
1103 827 1178 863 XX.

213 977 225 998 1
250 963 390 998 Dmnun
399 970 641 996 nnnonmnio
655 969 748 994 Arun
763 958 940 993 HEBRAEOS

161 1021 204 1045 tr
226 1009 418 1044 Gemmas.
447 1028 489 1032 —
519 1008 675 1050 Vespere
701 1008 820 1040 autem
849 1004 941 1039 sab-

163 1057 254 1097 bati,
274 1054 313 1090 id
333 1058 388 1090 est
402 1056 510 1090 nocte
531 1055 713 1098 sequente
724 1052 938 1095 sabbatum,

156 1102 312 1140 nomine
332 1100 433 1137 enim
465 1100 644 1146 vesperis,
674 1100 772 1145 qnod
800 1097 938 1145 princi-

156 1150 261 1197 pium
292 1147 414 1184 noctis
451 1152 521 1192 est,
553 1145 745 1192 significat
772 1149 937 1189 noctem,

157 1196 302 1234 scilicet
320 1206 342 1232 a
365 1197 472 1242 parte
490 1198 626 1237 totum,
645 1196 682 1229 et
708 1192 792 1229 ideo
818 1196 939 1228 mutat

157 1255 291 1291 genus,
315 1243 483 1279 reserens
520 1241 568 1276 ad
601 1251 766 1285 sensum,
795 1251 870 1276 non
891 1239 938 1275 ad

159 1301 318 1334 nomem
336 1293 373 1326 et
389 1290 440 1325 ait
456 1301 466 1324 .·
483 1299 573 1333 quae,
591 1287 732 1324 scilicet
748 1298 832 1332 nox,
848 1288 938 1322 luce-

160 1340 242 1379 scit,
266 1337 304 1372 id
329 1340 386 1372 est
411 1336 600 1371 lucescere
626 1333 771 1380 incipit,
796 1336 834 1369 in
854 1335 935 1379 pri—

161 1396 221 1421 ma
246 1384 405 1424 sabbati,
427 1383 465 1418 id
486 1385 543 1418 est
562 1381 600 1416 in
631 1382 754 1427 prima
775 1381 833 1417 die
855 1383 941 1426 post

163 1432 377 1475 sabbatum,
398 1441 463 1465 seu
482 1430 604 1475 prima
622 1428 682 1465 die
706 1428 940 1473 septimanae,

166 1489 250 1526 quae
267 1478 367 1524 apud
390 1488 457 1512 nos
474 1475 669 1512 Dominica
693 1475 847 1519 dicitur3
867 1476 942 1510 val-

167 1527 211 1562 de
230 1526 391 1561 diluculo
412 1527 445 1559 et
464 1533 581 1564 mane,
604 1526 680 1558 orto
695 1523 776 1568 jam
798 1523 882 1563 sole,
906 1521 943 1557 id

168 1576 226 1610 est
246 1576 330 1608 ortu
364 1582 431 1608 suo
449 1572 527 1617 J'am
552 1570 688 1606 coelum
717 1569 942 1609 illustrante,

169 1617 339 1667 quamvis
374 1618 543 1654 nondum
581 1621 782 1663 appareret
817 1615 942 1659 terris,

170 1668 267 1704 raris
285 1666 407 1702 adhuc
420 1664 589 1701 tenebris
601 1663 856 1703 existentibus.
876 1664 945 1699 hoc

169 1715 315 1760 estJ'am
333 1713 556 1749 rubescente
571 1722 722 1755 aurora,
739 1714 774 1745 ct
792 1711 886 1746 cneio
898 1711 945 1746 ab

169 1760 336 1798 Orientis
372 1764 478 1806 parte
514 1759 562 1795 ob
588 1758 677 1794 solis
715 1758 945 1793 vicinitatem

161 1809 240 1855 jam
263 1808 477 1844 albescente
506 1817 512 1842 ;
542 1816 679 1841 aurora
703 1804 803 1841 enim
824 1803 948 1840 media

167 1858 223 1892 est
243 1855 342 1890 inter
362 1853 538 1889 tenebras
558 1854 678 1888 noctis
695 1856 729 1887 et
742 1853 946 1897 perfectam

165 1901 287 1939 lucem
303 1901 392 1944 (liei,
408 1904 443 1935 et
464 1899 549 1935 ideo
570 1902 763 1945 tamqnam
782 1898 946 1934 medium

169 1949 217 1986 ab
238 1952 398 1993 utroque
413 1951 578 1982 extremo
595 1950 717 1992 potest
735 1944 944 1988 nominari;

169 1995 287 2032 Maria
310 1994 531 2040 Magdalena
555 1998 591 2028 ct
611 1993 693 2028 aliae
715 1993 799 2028 duae
821 1992 947 2028 Mariae

170 2044 332 2081 iverunt.
361 2045 396 2077 et
416 2043 589 2076 venerunt
612 2041 660 2075 ud
681 2043 947 2075 monumentum

165 2092 368 2138 portantes,
397 2099 476 2134 quae
506 2091 729 2133 paraverant
767 2090 945 2122 aromata.

173 2138 240 2173 Ubi
260 2136 456 2172 sciendum
472 2138 541 2178 est,
561 2135 659 2180 quod
672 2135 766 2170 sicut
785 2133 949 2170 Gentiles

174 2183 471 2220 denominabant
499 2181 578 2218 dies
597 2181 709 2217 totius
730 2180 949 2227 septimanae

172 2242 194 2267 a
214 2229 432 2266 nominibus
446 2230 602 2265 deornm
622 2239 792 2265 suorum.
810 2228 950 2264 scilicet

172 2278 412 2325 planetarum
433 2288 441 2312 :
475 2279 515 2312 ut
535 2287 557 2311 a
582 2276 684 2319 luna,
715 2275 815 2311 dit-m
837 2276 949 2319 lunae,

171 2336 194 2362 a
215 2326 347 2367 Marte,
366 2323 465 2359 diem
486 2322 627 2366 Martis,
649 2326 685 2358 et
703 2322 755 2358 sic
777 2322 822 2358 de
843 2322 948 2366 aliis;

172 2372 226 2407 ita
245 2370 380 2414 Juilaei,
400 2370 488 2416 quia
505 2369 583 2405 (lies
605 2369 751 2405 sabbati
768 2370 866 2415 apud
887 2379 951 2405 eos

173 2417 380 2454 solemnior
390 2417 815 2460 habebatur‚sabbatum
825 2416 875 2452 sic
888 2427 953 2452 no-

170 2464 367 2502 minabant
387 2464 571 2507 absolute,
591 2468 747 2510 propter
769 2473 949 2506 reveren-

169 2512 261 2548 tiam
295 2510 391 2546 illius
424 2509 512 2554 (liei,
541 2514 577 2545 et
606 2511 652 2546 ab
687 2521 730 2546 eo
758 2514 950 2555 tamquam

167 2570 190 2596 a
209 2558 370 2604 digniori
399 2568 526 2593 omnes
553 2557 647 2593 alios
671 2557 751 2592 dies
774 2558 946 2593 nomina-

169 2607 280 2650 bant3
292 2604 344 2640 ila
359 2604 458 2650 quod
471 2604 550 2639 dies
560 2603 777 2640 immediate
788 2615 950 2650 sequens

172 2653 384 2691 sabbatum,
416 2650 610 2686 dicebatur
638 2651 757 2696 primi
790 2650 950 2694 sabbati,

173 2700 214 2736 id
230 2702 286 2735 est
303 2698 421 2744 prima
437 2697 515 2732 <lies
532 2701 611 2743 post
627 2699 847 2742 sabbatum3
865 2698 950 2743 alia,

175 2746 341 2784 secunda
355 2743 516 2789 sabbati,
536 2748 571 2780 et
592 2745 644 2780 sic
665 2749 950 2791 consequenter.

178 2796 236 2838 Et,
258 2793 346 2839 quia
372 2793 516 2828 Hebraei
540 2795 575 2827 et
603 2791 721 2827 Graeci
749 2791 954 2828 numerali-

180 2842 250 2877 bus
264 2838 491 2885 nominibus,
507 2849 574 2885 pro
591 2838 822 2876 ordinalibns
838 2839 955 2875 nomi-

1015 955 1126 992 nibus
1146 957 1316 1000 utuntur,
1338 954 1423 991 ideo
1445 964 1565 991 unum
1584 953 1686 1000 apud
1708 964 1789 1002 eos,

1015 1002 1055 1038 in
1068 1001 1202 1038 ordine
1217 1001 1379 1045 dicrum,
1397 1001 1585 1048 significat
1596 1000 1762 1048 primum
1778 1013 1788 1046 ;

1015 1049 1114 1087 unde
1135 1048 1174 1085 in
1194 1048 1328 1085 Genesi
1351 1048 1487 1085 dicitur
1523 1060 1531 1085 :
1564 1050 1714 1086 Factum
1739 1051 1792 1086 est

1014 1108 1159 1143 vespere
1176 1100 1209 1131 et
1232 1107 1336 1132 mane
1354 1097 1431 1132 dies
1450 1106 1557 1141 unus,
1579 1096 1617 1132 id
1638 1098 1694 1132 est
1709 1097 1790 1142 pri-

1015 1155 1115 1189 mus-3
1135 1147 1170 1179 et
1194 1143 1279 1179 ideo
1304 1146 1581 1189 consequenter
1596 1143 1647 1180 ibi
1666 1141 1793 1180 subdi-

1015 1194 1076 1228 tur
1093 1191 1283 1234 secundm,
1297 1192 1333 1226 et
1348 1192 1491 1234 tertius,
1505 1193 1542 1226 et
1558 1189 1611 1226 sic
1627 1191 1674 1226 de
1691 1189 1790 1227 aliis.

1016 1239 1120 1274 Unde
1141 1241 1177 1273 et
1198 1239 1314 1274 Lucas
1335 1235 1425 1273 dicit
1448 1248 1456 1273 :
1479 1248 1554 1273 una
1572 1237 1731 1281 sabbati,
1754 1237 1793 1273 id

1016 1290 1073 1322 est
1095 1285 1214 1331 prima
1233 1285 1291 1321 die
1312 1288 1396 1331 post
1423 1285 1622 1321 sabbatum
1645 1284 1705 1321 vel
1720 1283 1794 1330 pri-

1016 1343 1077 1369 ma
1104 1331 1164 1368 die
1200 1332 1442 1378 septimanae3
1466 1331 1555 1378 quia
1587 1331 1688 1368 enim
1711 1331 1794 1368 sab.-

1017 1380 1145 1415 batum
1180 1380 1278 1425 apud
1318 1379 1508 1423 Hebraeos,
1537 1389 1614 1415 non
1641 1381 1792 1414 tantum
1836 1412 1838 1414 ,

1018 1426 1115 1462 diem
1130 1424 1451 1472 principaliorem,
1465 1436 1488 1461 a
1499 1436 1572 1471 quo
1583 1426 1794 1472 septimana

1019 1473 1117 1520 apud
1135 1484 1197 1509 eos
1214 1472 1367 1518 incepit,
1390 1474 1455 1508 sed
1481 1473 1594 1509 etiam
1615 1472 1792 1520 septima-

1021 1531 1122 1564 nam,
1147 1531 1190 1556 ex
1224 1518 1476 1566 praerogativa
1502 1520 1662 1562 sabbati,
1683 1519 1796 1556 deno·

1021 1567 1152 1612 minat,
1175 1570 1216 1603 ut
1234 1567 1286 1603 ibi
1311 1578 1318 1603 :
1340 1566 1468 1612 Jejuno
1490 1566 1544 1603 bis
1569 1569 1609 1602 in
1628 1566 1794 1612 sabbato,

1020 1615 1057 1651 id
1071 1619 1123 1650 est
1142 1616 1178 1650 in
1193 1614 1452 1650 hebdomada:
1470 1613 1555 1650 ideo
1576 1612 1690 1650 etiam
1709 1623 1795 1650 cum

1021 1661 1159 1698 dicitur
1183 1661 1306 1708 prima
1325 1661 1384 1697 vel
1408 1672 1484 1706 una
1506 1660 1652 1698 sabbati
1668 1660 1797 1708 'potest

1021 1708 1180 1755 intelligi
1214 1708 1336 1755 prima
1375 1708 1435 1744 die
1473 1719 1511 1745 se
1540 1707 1706 1754 timaee,
1738 1707 1798 1744 vel

1021 1756 1281 1800 hebdomadae,
1310 1766 1392 1801 quae
1422 1766 1495 1801 apu
1549 1766 1618 1792 nos
1643 1757 1800 1803 propter

1023 1804 1256 1840 Dominicam
1290 1801 1620 1839 Resurrectionem
1645 1805 1799 1839 vocatur

1025 1849 1229 1891 Dominica,
1251 1860 1272 1885 a
1293 1860 1368 1895 qna
1386 1850 1499 1885 etiam
1522 1849 1624 1896 apud
1648 1860 1719 1886 nos
1743 1848 1796 1885 in-

1024 1897 1111 1942 cipit
1127 1896 1347 1943 septimana,
1366 1895 1478 1933 Nobis
1490 1896 1588 1932 enim
1601 1896 1800 1933 celebritas

1023 1944 1160 1980 veteris
1178 1943 1337 1985 sabbati,
1361 1953 1541 1980 conversa
1557 1946 1595 1980 et
1613 1941 1798 1980 translata

1024 1991 1134 2028 estin
1158 1990 1500 2037 llominicam‚quae
1522 1990 1655 2028 ceteris
1670 1989 1800 2027 diebus

1025 2038 1210 2075 celebrior
1232 2042 1301 2082 est,
1330 2041 1484 2084 propter
1507 2037 1710 2074 Dominicae
1730 2038 1801 2074 Re-

1026 2085 1270 2122 surrectionis
1290 2085 1541 2130 sanctitatem,
1559 2084 1742 2132 gaudium
1763 2089 1800 2121 et

1024 2132 1288 2169 reverentiam.
1311 2132 1429 2169 Latini
1456 2143 1559 2177 vero,
1577 2143 1642 2169 seu
1666 2133 1802 2169 Roma-

1026 2180 1078 2224 ni,
1101 2183 1137 2215 et
1156 2179 1331 2221 Ecclesia,
1355 2179 1467 2216 modo
1487 2179 1566 2215 dies
1592 2182 1728 2216 vocant
1746 2179 1800 2224 se-

1027 2231 1102 2263 rias
1126 2239 1133 2262 :
1153 2227 1253 2263 diem
1273 2226 1508 2263 Dominicam
1537 2230 1715 2263 vocantes
1744 2226 1799 2263 fe-

1027 2276 1120 2311 riam
1144 2274 1316 2320 primam,
1333 2274 1432 2310 diem
1452 2274 1550 2309 lunae
1570 2273 1800 2318 secundam;

1027 2327 1063 2358 et
1085 2321 1136 2356 sic
1160 2322 1205 2356 <le
1226 2320 1311 2357 aliis
1329 2331 1446 2367 usque
1465 2320 1512 2357 ad
1532 2321 1744 2357 sabbatum.
1760 2322 1805 2356 Et

1028 2371 1182 2404 vocatur
1203 2368 1297 2404 feria
1319 2379 1341 2404 a
1364 2367 1515 2411 feriare,
1529 2368 1629 2414 quod
1651 2371 1709 2404 est
1728 2377 1804 2404 ces·

1029 2426 1126 2457 sare,
1154 2416 1210 2450 vel
1242 2426 1263 2450 a
1294 2415 1458 2451 ferendis
1491 2414 1652 2450 victimis
1681 2426 1689 2450 :
1716 2415 1804 2460 quia

1028 2462 1127 2498 omni
1149 2462 1208 2497 die
1229 2461 1381 2506 feriare,
1398 2462 1434 2498 id
1457 2466 1511 2497 est
1528 2462 1575 2498 ab
1597 2461 1698 2498 omni
1717 2471 1803 2508 pec-

1027 2513 1109 2545 cato
1131 2519 1291 2553 cessare,
1313 2515 1349 2545 et
1369 2507 1538 2545 victimas
1557 2508 1669 2554 ferre,
1691 2512 1729 2544 et
1746 2508 1802 2545 of-

1027 2557 1124 2593 ferre
1145 2556 1338 2592 debemus.

1077 2617 1094 2639 2
1121 2605 1318 2647 Munianus,
1346 2614 1605 2648 noxumenrun,
1631 2613 1673 2639 ΕΤ
1698 2612 1799 2638 Linus

1029 2662 1184 2686 ons'sAxs
1207 2663 1242 2686 ix
1264 2662 1374 2687 SENSU
1395 2662 1611 2687 anTlco.—
1625 2648 1799 2686 Mulieres

1029 2709 1118 2743 ergo
1149 2697 1230 2733 istae
1256 2701 1438 2734 venerunt
1465 2696 1519 2734 ita
1553 2707 1662 2733 mane
1698 2697 1798 2743 quod

1030 2745 1149 2781 adhuc
1176 2746 1327 2781 tenebrae
1349 2747 1465 2790 erunt,
1491 2746 1532 2780 ut
1566 2743 1656 2780 dicit
1674 2745 1796 2780 Joan-

1031 2802 1116 2836 nes;
1153 2795 1189 2827 et
1216 2792 1421 2828 secundnm
1443 2793 1592 2835 Lucam,
1615 2794 1799 2828 venerunt

1031 2840 1206 2881 diluculo,
1238 2849 1320 2885 quae
1343 2842 1400 2875 est
1420 2838 1572 2875 claritas
1592 2837 1716 2875 media
1738 2838 1796 2874 in-
