1924 3157
519 139 567 171 lili
608 136 864 174 ilixi'u'rlxts,
906 137 944 169 ΙΝ
986 137 1200 170 l'xssluxlc
1243 139 1414 172 noillxt.

1749 141 1785 170 'iu

153 208 296 252 raliter,
323 220 390 255 per
418 208 578 254 primam
613 208 787 244 ancillam
816 208 930 243 ostia·
966 212 971 268 l
1005 218 1044 242 sc,
1068 208 1193 244 initum
1224 210 1390 255 iii-:rbem
1429 214 1463 245 et
1503 209 1720 255 benignum.
1742 232 1784 235 ---

152 256 261 297 riam,
286 267 369 302 qua)
391 258 542 292 Petrum
566 267 705 301 negare
733 256 846 301 cogit,
868 256 930 290 ‹lc-

151 303 324 350 signatur
366 303 577 349 cupiditas3
608 314 675 350 per
711 302 930 346 secundam,

152 350 316 387 carnalis
335 351 527 396 voluptas:
550 362 614 396 per
634 361 748 386 unum
769 361 832 385 scu
853 350 932 396 plu-

153 409 223 440 res,
247 399 308 444 qui
329 398 546 441 ai‘lstabant,
571 397 834 442 intelliguntur
860 397 932 432 dae-

152 456 283 481 mones
308 458 315 480 :
341 444 399 480 his
419 445 517 481 enim
538 445 585 481 ad
605 444 738 481 Christi
762 444 932 489 negatio-

152 503 236 529 nem
265 494 466 529 trabuntur
490 492 677 528 homiues.
699 491 825 527 Prima
864 502 930 527 an-

151 540 249 583 cilla,
271 540 413 576 scilicet
441 539 619 583 avaritia,
642 551 706 575 seu
730 538 928 584 cupiditas,

151 598 234 634 quse
248 587 360 623 hodie
376 587 413 622 in
426 587 600 623 domibus
613 587 815 622 multorum
831 588 932 632 prin-

151 636 274 681 cipum
288 639 340 671 est
351 634 518 677 ostiaria,
532 633 637 680 quasi
648 644 778 670 omnes
791 633 932 669 intrare

152 682 239 718 facit
257 694 264 717 ;
283 681 371 728 quia
394 682 488 717 sicut
513 681 689 717 ostiarius
711 680 930 716 intromittit

150 740 245 776 quos
266 729 370 771 vult,
391 729 443 764 sic
470 732 505 764 et
526 728 684 764 avaritia
704 727 804 764 idem
827 728 929 772 facit,

151 777 251 813 unde
278 776 317 812 in
340 776 555 812 Proverbiis
577 787 584 811 :
612 778 752 811 Donum
771 777 930 811 hominis

149 825 287 860 dilatat
318 826 416 859 *viam
443 824 535 868 ejus,
567 827 600 859 et
634 827 717 858 ante
740 825 930 869 principes

149 874 311 918 spatium
326 871 716 915 eifacit.'1'imendum
731 877 798 907 est.
811 881 856 906 ne
872 882 930 906 ex·
966 887 969 897 =

149 919 256 966 pulsa
273 919 429 956 caritate
445 930 466 954 a
478 918 652 955 domibus
667 918 926 964 praelatorum.

150 970 343 1012 tamquam
371 967 523 1002 domina
547 965 702 1012 incipiat
723 965 928 1011 principari

149 1014 307 1058 ancilla3
329 1013 417 1061 quia
441 1014 578 1050 caritas
605 1013 817 1060 expellitur,
837 1014 928 1049 dum

121 1094 124 1096 .
149 1061 337 1108 cupiditas
368 1061 594 1108 ingreditur,
625 1071 710 1096 nam
740 1071 929 1096 vencnum

150 1108 319 1145 caritatis
336 1112 391 1145 est
411 1108 610 1155 cupiditas.
630 1107 720 1143 Huic
742 1119 827 1143 vern
847 1118 928 1143 rar-

150 1156 246 1193 nalis
273 1156 488 1200 delectatio,
518 1160 554 1192 et
573 1155 768 1191 daemones
791 1155 928 1191 adhae-

148 1203 518 1250 rent‚quit2hristum
530 1203 928 1250 negaresuadentl'er

150 1252 302 1288 Petrum
342 1255 469 1288 autem
489 1279 497 1295 ,
539 1252 602 1297 qui
653 1250 928 1296 interpretatur

146 1310 356 1344 aynesoens,
374 1298 530 1345 intelligi
544 1301 668 1345 potest
686 1297 927 1344 clericus,qui

147 1357 169 1383 a
190 1347 301 1393 longe
319 1345 714 1393 sequituanminum,
731 1347 818 1392 quia
833 1347 926 1381 l'orte

147 1405 223 1431 non
247 1399 402 1441 propter
423 1405 478 1436 se,
501 1394 565 1429 sed
587 1397 743 1440 propter
761 1404 841 1435 sna,
861 1392 926 1438 qui

148 1442 336 1478 multoties
369 1442 573 1488 cupiditate
609 1441 776 1477 devictus
814 1444 927 1486 negat

148 1489 354 1526 Christum.
379 1492 405 1525 O
431 1492 521 1536 quot
543 1492 631 1524 sunt
663 1488 775 1524 hodie
798 1486 926 1524 miseri

147 1536 272 1573 curias
298 1536 509 1584 principum
535 1539 752 1582 sequentes,
780 1536 843 1581 qui
867 1534 925 1570 vix

146 1590 211 1621 aut
227 1595 430 1631 numquam
442 1583 740 1630 poenitent‚dum
752 1587 836 1619 sunt
854 1582 922 1618 ibi!

196 1646 234 1668 21
260 1633 330 1669 Sex
345 1644 556 1668 nocunexu
571 1643 615 1666 nx
633 1643 836 1666 nemrim-i:
860 1631 926 1665 PE-

145 1692 217 1723 Tm,
239 1691 347 1716 Acro>-
367 1690 675 1715 coxrommnoms
710 1690 752 1714 ET
780 1689 922 1714 ORATIO-

146 1749 192 1753 -
211 1729 260 1764 Ex
292 1728 360 1764 hoc
384 1726 546 1763 articulo
577 1725 791 1772 negationis
822 1725 924 1761 Petri

143 1775 254 1822 plura
279 1775 468 1811 habentur
491 1774 731 1810 documenta.
757 1773 924 1809 Primum

146 1826 216 1866 est,
247 1823 347 1868 quod
389 1822 565 1869 praelatus
603 1820 779 1858 Ecclesiae
812 1821 926 1857 debet

145 1880 226 1907 esse
244 1870 344 1914 talis,
366 1870 428 1916 qui
450 1869 738 1906 infirmitatibus
757 1867 925 1905 subdito-

144 1929 227 1954 rum
249 1917 411 1964 compati
435 1919 528 1953 sciat
557 1929 564 1952 :
589 1916 691 1963 quia,
715 1916 922 1953 secundum

146 1965 361 2010 Greqorium
376 1995 384 2009 ,
427 1964 511 2001 ideo
552 1964 736 2000 Dominus
774 1966 923 2000 Petrum

145 2013 283 2049 cadere
304 2013 491 2060 permisit,
517 2016 555 2048 ut
573 2016 610 2048 et
621 2012 755 2048 fortius
768 2015 924 2059 postca-

116 2063 126 2075 ⁰
143 2071 226 2097 sum
250 2065 482 2107 resurgeret,
503 2063 539 2096 et
562 2064 602 2096 ut
624 2059 670 2099 is,
691 2059 753 2106 qui
778 2062 925 2095 futurus

145 2111 278 2155 pastor
299 2107 475 2144 Ecclesia}
494 2110 590 2150 erat,
611 2106 649 2142 in
669 2117 737 2143 sua
749 2107 858 2153 culpa
873 2106 926 2143 di-

146 2159 267 2192 sceret
288 2155 450 2202 qualiter
461 2154 546 2191 aliis
561 2155 732 2191 misereri
754 2154 923 2198 deberet,

147 2208 185 2240 et
219 2214 263 2239 ex
303 2214 371 2239 sua
410 2202 629 2238 infirmitate
666 2205 924 2246 cognosceret,

147 2261 262 2297 quam
273 2250 698 2287 misericorditeraliena
711 2250 862 2286 infirma
874 2254 926 2286 to-

148 2298 299 2335 leraret.
325 2299 383 2342 Et,
407 2299 616 2334 secundum
639 2299 926 2343 Chysostomum,

149 2346 323 2383 Christus
357 2345 529 2392 permisit
567 2346 721 2382 Petrum
763 2345 856 2389 labi,
889 2349 928 2381 ut

148 2393 319 2440 prrelatis
339 2395 550 2440 exemplum
572 2394 760 2439 praeberet
777 2392 930 2440 fragili-

151 2441 216 2477 tati
241 2440 479 2477 subditorum
506 2440 642 2477 melius
661 2439 928 2487 compatiendi.

151 2490 259 2532 Nam,
288 2488 494 2524 secundum
522 2488 711 2533 eumdem,
739 2488 824 2524 idco
846 2490 930 2523 An-

153 2535 248 2582 gelis
283 2546 357 2571 non
395 2539 453 2572 est
491 2535 694 2572 commissa
723 2534 932 2572 sacerdotis

150 2586 334 2630 potestas,
357 2594 402 2618 ne
421 2593 505 2619 cum
533 2583 603 2629 ipsi
625 2583 778 2619 minime
797 2593 932 2630 pecca-

150 2634 249 2673 rent,
269 2631 313 2667 dc
329 2641 395 2666 sua
411 2630 630 2667 innocentia
641 2634 930 2677 praesumentes,

149 2678 245 2715 alios
284 2678 364 2714 sine
402 2678 666 2715 misericordia
693 2678 930 2725 judicarent;

151 2725 217 2762 sed
244 2725 370 2772 potius
401 2729 456 2762 est
484 2726 620 2762 collata
640 2725 785 2762 homini
809 2725 931 2772 fragili

152 2778 189 2810 et
210 2774 394 2820 peccanti,
417 2778 458 2810 ut
483 2773 584 2810 circa
605 2773 765 2810 aliorum
788 2774 932 2819 lapsum

238 2836 331 2870 VITA
355 2837 443 2871 ‹Isssu
465 2838 625 2878 Cumsn,
650 2837 771 2871 Tomos
796 2836 859 2870 IV.

1005 257 1219 292 Secundum
1245 260 1314 299 est,
1337 257 1438 302 quod
1462 257 1586 293 nullus
1610 257 1721 293 debet
1745 269 1784 294 sc

1001 303 1146 348 Jactare
1175 307 1207 338 ct
1235 304 1428 347 extollere,
1453 308 1518 340 aut
1545 305 1592 340 de
1614 315 1682 340 sua
1704 305 1786 340 vir—

1005 352 1082 384 tute
1104 354 1140 384 ct
1162 350 1304 386 viribus
1323 362 1566 396 przcsumere.
1594 352 1698 388 Unde
1715 354 1784 388 Leo

1007 398 1108 443 Papa
1132 409 1139 432 ;
1159 398 1242 433 «Ob
1266 399 1334 433 lioc
1359 400 1490 434 l’ctrus
1509 399 1783 445 haesitareper-

1006 443 1140 479 missus
1162 449 1229 488 est,
1252 448 1288 480 ut
1318 445 1353 480 in
1376 445 1455 491 ipso
1478 447 1650 483 Ecclesiae
1670 446 1783 493 prin-

1005 493 1086 537 cipe
1108 492 1335 527 conderetur
1362 494 1569 529 remedium
1595 494 1782 540 poeniten-

1005 539 1090 581 tiu:;
1114 542 1149 575 et
1177 550 1287 575 nemo
1309 539 1467 575 auderet
1489 542 1532 575 (lc.
1559 552 1628 578 sua
1649 541 1786 578 virtute

1005 586 1212 630 considere,
1248 587 1399 632 quando
1427 588 1693 624 mutabilitatis
1723 600 1785 635 pc-

1005 633 1165 669 riculum
1185 644 1251 669 nec
1274 633 1335 669 illc
1356 638 1482 669 tantus
1501 636 1684 680 potuisset
1705 647 1788 671 cva-

1006 681 1062 717 ‹lei
1075 692 1106 717 e.
1122 695 1137 713 υ
1156 681 1260 717 Unde
1275 684 1311 717 et
1325 682 1599 725 chrysostomus
1618 698 1624 719 :
1646 698 1663 714 «
1680 684 1786 726 Quod

1005 728 1255 774 Evangelistae
1277 729 1524 775 scripserunt,
1546 741 1614 765 nos
1633 731 1784 766 erudire

1005 776 1188 819 volentes,
1207 779 1388 822 quantum
1405 776 1545 812 malum
1561 777 1608 812 sit
1621 788 1695 813 non
1708 780 1784 813 Deo

1006 826 1125 859 totum
1141 824 1364 867 concedere,
1386 825 1449 859 sed
1471 823 1506 859 in
1526 824 1650 871 seipso
1672 826 1787 860 conti·

1005 871 1106 907 dcre.
1128 885 1144 903 n
1166 871 1268 907 Unde
1282 870 1395 907 etiam
1411 872 1628 907 Ambrosius
1643 885 1653 907 .·
1669 873 1785 908 «llaec

1005 922 1129 954 autem
1152 918 1237 954 idco
1271 918 1413 965 scripta
1436 924 1536 963 sunt,
1563 923 1601 955 ut
1621 919 1785 963 sciamus

1006 966 1196 1002 neminem
1224 977 1262 1002 se
1278 966 1424 1012 ,jactare
1444 967 1597 1003 debere.
1621 968 1729 1011 Nam,
1753 967 1781 1003 si

1005 1014 1138 1049 Petrus
1155 1013 1282 1060 lapsus
1298 1017 1364 1054 est,
1385 1013 1564 1060 quoniam
1584 1014 1700 1050 dixit:
1722 1017 1782 1050 Et-

1003 1063 1037 1096 si
1059 1063 1128 1096 alii
1147 1062 1397 1097 scandalizati
1419 1062 1560 1104 fuerint
1587 1063 1625 1097 in
1653 1066 1698 1103 te,
1722 1074 1784 1106 esso

1003 1119 1204 1154 numquam
1239 1109 1537 1152 scandalizabor,
1569 1109 1653 1155 quis
1689 1109 1785 1145 alius

999 1156 1085 1201 jure
1122 1156 1167 1191 de
1202 1166 1240 1192 se
1272 1160 1477 1202 praesumat
1492 1156 1509 1191 ‘3
1538 1156 1707 1203 Denique
1748 1162 1784 1193 et

1004 1203 1121 1239 David
1144 1205 1204 1249 qui
1222 1202 1367 1239 dixerat
1385 1215 1392 1239 :
1412 1206 1488 1247 qu
1507 1204 1592 1239 dim·
1608 1206 1646 1239 in
1664 1205 1783 1240 abun-

1001 1251 1134 1286 dantia
1154 1262 1246 1292 mea,
1268 1262 1340 1286 non
1358 1252 1525 1287 movebor
1543 1253 1582 1287 in
1596 1255 1783 1296 aeternwn,

1001 1309 1085 1334 eam
1107 1298 1177 1334 sibi
1195 1299 1420 1345 J'actantiam
1443 1298 1609 1335 obfuisse
1629 1300 1784 1346 profite-

1001 1351 1074 1389 tur,
1095 1345 1224 1382 dicens
1249 1357 1256 1381 :
1278 1346 1461 1381 Avertisti
1479 1347 1614 1390 faciem
1641 1350 1742 1383 tuam
1760 1358 1782 1382 a,

1000 1405 1080 1435 me;
1104 1395 1276 1437 etfuctus
1302 1404 1382 1429 sum
1409 1394 1658 1429 conturbatus.
1690 1408 1706 1425 n
1735 1415 1782 1421 -

1000 1440 1167 1477 'l‘ertium
1197 1445 1267 1485 est,
1296 1442 1394 1487 quod
1432 1440 1468 1476 in
1497 1440 1684 1488 principio
1718 1442 1781 1478 ob-

1002 1489 1178 1524 standum
1190 1494 1247 1524 est
1259 1487 1438 1534 peccatis,
1450 1488 1537 1534 quia
1550 1499 1666 1525 unum
1682 1499 1779 1524 sem-

1001 1547 1068 1579 per
1088 1536 1205 1571 trahit
1224 1538 1271 1571 ad
1297 1547 1337 1572 se
1357 1535 1459 1572 aliud
1482 1535 1658 1582 gravius3
1683 1536 1781 1573 sicut

1000 1583 1038 1619 in
1058 1582 1252 1630 proposito
1266 1582 1390 1629 primo
1407 1583 1477 1619 suit
1498 1585 1598 1619 nuda
1612 1583 1779 1627 negatio,

1000 1631 1179 1675 secundo,
1205 1630 1397 1676 negationi
1419 1630 1576 1667 accessit
1594 1632 1779 1677 perjuria,

1000 1679 1126 1722 tertio,
1152 1678 1316 1724 perjurio
1352 1677 1511 1714 accessit
1537 1678 1778 1721 maledicti03

998 1726 1072 1769 vel,
1099 1725 1197 1761 sicut
1229 1725 1319 1761 dicit
1349 1726 1593 1770 Hieronymus
1621 1738 1630 1761 ε
1659 1726 1782 1772 prima

1000 1772 1151 1816 ancilla,
1177 1772 1376 1817 titubati03
1406 1774 1587 1818 secunda,
1619 1784 1780 1810 consen-

999 1821 1084 1865 sio;
1112 1820 1245 1857 tertius
1280 1820 1350 1865 vir,
1378 1824 1484 1857 actus
1517 1827 1586 1857 est.
1614 1822 1699 1856 Haec
1726 1826 1783 1858 est

999 1868 1102 1905 trina
1121 1868 1286 1914 negatio,
1313 1879 1425 1914 quam
1444 1868 1563 1905 abluit
1583 1879 1652 1915 per
1672 1870 1782 1905 fletus

999 1915 1104 1953 verbi
1123 1915 1260 1953 Christi
1280 1915 1508 1952 recordatio.
1532 1937 1578 1943 ——
1598 1916 1780 1960 Quartum

999 1967 1069 2007 est,
1093 1964 1195 2008 quod
1222 1965 1252 1999 si
1280 1974 1350 2000 nos
1373 1965 1602 2010 quandoque
1629 1975 1672 2000 ex
1696 1964 1780 2000 sra—

999 2011 1145 2059 gilitate
1166 2022 1378 2058 peccemuS,
1396 2011 1498 2047 nullo
1514 2011 1626 2047 modo
1641 2012 1677 2047 in
1697 2021 1781 2057 pec-

998 2063 1080 2095 cato
1102 2069 1388 2106 perseveremus
1409 2070 1416 2094 :
1441 2058 1542 2105 quia,
1569 2060 1775 2095 secundum

999 2108 1179 2147 Glossam,
1205 2117 1449 2152 perseverare
1465 2106 1502 2142 in
1519 2110 1690 2153 peccato,
1713 2106 1779 2142 dat

998 2154 1233 2191 incrementa
1253 2154 1437 2190 scelerum
1455 2166 1463 2193 1
1490 2158 1527 2189 et
1548 2153 1610 2199 qui
1632 2153 1778 2200 spernit

1000 2201 1172 2246 minima,
1196 2203 1293 2238 cadit
1314 2201 1351 2237 in
1378 2202 1534 2247 maj0ra.
1556 2202 1612 2245 Et,
1636 2212 1777 2238 secun—

1000 2250 1091 2286 dum
1112 2250 1340 2294 Greyorz‘um
1364 2253 1560 2291 peccatum
1578 2249 1678 2294 quod
1696 2259 1776 2295 poe—

1001 2297 1164 2333 nitentia
1179 2308 1254 2333 non
1276 2296 1401 2340 diluit,
1425 2307 1508 2331 mox
1523 2296 1570 2332 ad
1594 2296 1694 2332 aliud
1708 2300 1781 2333 tra-

1002 2344 1069 2381 hit.
1100 2346 1193 2381 Ecce
1234 2343 1336 2380 enim
1374 2345 1528 2380 beatum
1555 2344 1707 2380 Petrum
1735 2344 1783 2380 ad

1004 2391 1166 2439 primam
1188 2391 1430 2438 negationem
1449 2390 1601 2438 impulit
1617 2395 1784 2427 unatan-

1004 2446 1084 2475 tum
1105 2439 1242 2475 ancilla
1260 2451 1268 2483 ;
1289 2439 1336 2475 ad
1358 2439 1582 2482 secundam,
1604 2439 1694 2483 duo,
1717 2438 1787 2475 sci-

1005 2488 1093 2523 licet
1113 2486 1253 2523 ancilla
1274 2490 1310 2523 et
1330 2486 1385 2522 vir
1405 2498 1412 2530 ;
1436 2486 1483 2522 ad
1511 2485 1678 2530 tertiam,
1700 2487 1785 2533 plu-

1006 2545 1081 2571 res.
1097 2555 1138 2560 —
1154 2534 1338 2578 Quintum
1355 2538 1425 2578 est,
1444 2533 1545 2580 quod
1561 2535 1687 2570 nullus
1704 2545 1786 2580 pcc-

1007 2587 1112 2618 cator
1133 2581 1245 2618 debet
1265 2582 1484 2628 desperare,
1498 2584 1788 2627 quantumcum-

1007 2640 1080 2676 que
1116 2634 1273 2676 peccata
1304 2629 1379 2665 sint
1412 2631 1562 2675 gravia;
1585 2629 1651 2665 sed
1675 2629 1785 2665 debet

1007 2688 1074 2723 pro
1095 2677 1259 2723 peccatis
1279 2676 1356 2713 suis
1376 2677 1481 2720 llere,
1499 2676 1670 2722 exemplo
1685 2675 1785 2711 beati

1009 2724 1124 2769 Petri,
1153 2725 1215 2771 qui
1251 2724 1398 2771 culpam
1426 2723 1641 2771 negationis
1667 2721 1783 2758 abluit

1008 2771 1184 2820 lacrymis
1200 2771 1446 2819 poeuitentiae.
1463 2773 1501 2807 ln
1523 2775 1593 2808 hoc
1615 2769 1715 2807 enim
1732 2780 1788 2805 re-

1685 2835 1702 2865 4
