1924 3157
544 123 596 157 DE
635 124 808 166 TERTIA,
847 126 891 159 IN
929 127 1148 163 PASSIONE
1188 130 1358 167 notum.
1732 136 1770 167 05

132 189 307 233 Pilatum,
332 189 394 227 ubi
416 200 438 226 a
456 190 599 228 Judaeis
624 202 712 228 reus
731 192 863 229 mortis
883 195 920 229 et
940 193 1161 231 malefactor
1179 195 1278 232 suisti
1296 197 1499 243 judicatus.
1521 203 1557 235 et
1584 199 1622 235 in
1646 200 1773 237 multis

131 238 223 274 salse
243 241 458 281 accusatus;
478 249 521 274 ac
543 239 679 275 deinde
698 250 720 276 a
742 239 862 276 Pilato
883 240 932 276 ad
955 242 1140 278 Herodem
1163 247 1198 279 te
1227 244 1337 288 mitti,
1360 248 1394 281 et
1423 244 1564 282 ibidem
1597 248 1766 285 accusari

129 288 167 321 et
185 285 310 321 fatuus
330 287 510 332 reputari,
531 297 575 322 ac
596 286 737 332 sperni,
758 291 795 323 et
817 289 853 323 in
875 291 977 324 veste
998 289 1084 326 alba
1104 289 1210 325 illudi
1235 292 1438 337 pertulisti,
1461 293 1693 342 tandemque
1716 298 1769 332 sic

130 332 260 368 illusus
277 335 313 368 et
331 331 368 368 in
388 337 490 369 veste
509 334 596 370 alba
613 333 779 376 indutus,
800 335 848 370 ad
871 334 1031 372 Pilatum
1049 347 1089 373 es
1108 337 1311 382 remissus;
1333 340 1391 375 sac
1412 350 1487 384 me,
1507 352 1652 387 quaeso,
1672 342 1768 390 inju-

129 380 205 416 rias
226 385 263 416 et
280 379 444 416 convitia
467 380 656 427 patienter
679 385 717 418 et
744 382 954 428 gaudenter
971 393 1039 429 pro
1062 384 1114 420 tui
1140 384 1304 421 nominis
1324 387 1446 433 gloria
1468 389 1647 434 tolerare,
1666 393 1705 426 et
1731 391 1767 427 in

128 430 331 480 conspectu
353 431 416 510 tssio
442 438 526 464 cum
554 428 690 473 gaudio
717 439 915 475 apparere,
933 440 976 466 ac
1003 431 1148 467 vultum
1169 434 1274 467 tuum
1295 432 1590 472 desiderabilem
1617 447 1768 485 semper

130 484 336 521 respicere.
360 501 366 510 i
392 485 491 512 men.

775 687 957 734 CAPUT
1020 688 1131 734 LXII

580 833 629 861 Di:
660 833 823 872 TfiiaTlA,
857 835 896 863 IN
925 835 1115 864 PASSIONE
1147 835 1302 865 DOMINI.

180 959 192 982 1
229 945 399 990 Pauus,
439 956 558 982 scmxs
600 947 781 983 CamsTmi
827 960 911 984 esse

128 1004 368 1038 mnocexrnu,
399 1005 510 1030 omn
538 1006 688 1036 τεΝτΑτ,
731 1006 774 1031 ur
806 1007 911 1032 ipson

129 1052 290 1077 manner.
338 1060 384 1067 —
429 1042 530 1077 Hora
571 1044 684 1086 tertia
729 1043 912 1088 cogitabis

128 1092 282 1125 moestus
301 1091 337 1124 et
351 1087 469 1124 tristis
484 1088 647 1135 qualiter
665 1090 820 1126 reducto
841 1092 912 1127 Do-

128 1136 231 1172 mino
262 1135 310 1172 ad
338 1135 514 1180 Pilatum,
531 1136 584 1172 illi
606 1147 718 1173 canes
741 1137 914 1174 laetantes

128 1183 175 1220 de
194 1183 334 1219 soedcre
353 1183 510 1219 Herodis
534 1189 572 1220 et
594 1183 718 1229 Pilati,
740 1196 824 1221 cum
846 1197 911 1222 au-

129 1229 237 1268 dacia
260 1241 400 1276 magna
423 1238 705 1278 prosequuntur
729 1234 912 1269 accusati-

128 1289 219 1315 ones
251 1289 352 1322 suns,
379 1278 564 1324 quamvis,
596 1290 717 1325 neque
755 1280 911 1323 Pilatus,

128 1336 254 1372 neque
276 1326 444 1362 Herodes
465 1325 672 1369 diligenter
692 1338 778 1364 eum
799 1327 914 1364 inter-

128 1373 298 1420 rogando
335 1377 373 1410 et
407 1372 658 1411 examinando
698 1374 914 1412 invenirent

129 1422 164 1457 in
184 1432 228 1458 eo
249 1431 401 1457 causam
419 1421 564 1458 mortis.
580 1422 700 1466 Unde,
722 1423 769 1459 ad
786 1434 913 1469 expro-

128 1468 315 1505 brandam
332 1467 508 1505 ‹luritiam
526 1470 744 1506 Judaeorum
761 1474 798 1506 et
815 1472 912 1507 Gen-

129 1516 264 1560 tilium,
282 1515 425 1552 Pilatus
441 1517 580 1553 fatetur
599 1528 666 1553 nec
684 1528 738 1562 se,
755 1529 821 1554 nec
841 1520 912 1555 He-

128 1564 275 1607 rodem,
290 1574 413 1607 neque
433 1563 471 1599 in
491 1564 712 1608 ocridendo,
735 1576 857 1612 neque
873 1566 912 1602 in

127 1610 337 1653 illudendo,
354 1611 391 1647 in
417 1611 566 1647 Christo
589 1622 740 1648 causam
764 1623 828 1649 seu
848 1613 914 1649 ali-

129 1658 221 1704 quid
239 1659 394 1705 dignum
415 1663 535 1694 morte
554 1658 740 1696 invenisse
774 1661 838 1696 Ubi
859 1660 913 1696 ait

126 1707 226 1743 Beda
250 1719 260 1741 ε
281 1721 299 1739 «
319 1707 395 1742 Hoc
409 1706 570 1742 dicendo
587 1707 730 1743 Pilatus
748 1708 912 1744 absolvit

128 1754 281 1800 quidem
298 1755 442 1797 Jesum,
459 1764 571 1800 quem
590 1754 764 1800 probavit
785 1755 912 1792 inson-

126 1805 165 1838 te
182 1813 223 1845 n;
247 1801 312 1837 sed
336 1812 447 1847 quem
470 1802 632 1838 absolvit
647 1802 805 1848 J'unicio,
826 1814 909 1840 cru-

128 1848 246 1894 cifigit
267 1849 493 1886 ministerio.
516 1849 626 1890 Audi,
649 1861 746 1887 caece
765 1851 907 1895 Judaee,

128 1896 233 1942 audi,
263 1896 426 1933 crudelis
456 1908 616 1944 pagane.
650 1897 793 1934 Pilatus
834 1901 910 1946 ipse

127 1944 267 1981 fatetur
287 1955 409 1990 neque
431 1956 485 1989 se,
500 1956 623 1991 neque
642 1946 829 1993 Herodem
853 1947 909 1983 di·

128 2003 244 2039 gnum
278 1991 367 2038 quid
397 1996 516 2029 morte
548 1992 587 2028 in
624 1994 771 2030 Christo
801 2005 909 2042 repe-

128 2040 244 2083 risse;
270 2039 337 2076 sed
360 2040 622 2077 tantummodo
645 2042 682 2076 in
704 2042 910 2078 occidendo

129 2088 185 2124 vel
207 2087 397 2124 illu-tendo
415 2087 582 2131 innoxio,
599 2087 733 2124 alienae
747 2090 910 2126 crudeli-

130 2135 218 2172 tatis
232 2136 512 2182 obtemperasse
528 2135 778 2173 clamoribus:
796 2152 814 2169 »
830 2138 911 2174 haec

129 2184 241 2220 Beda.
257 2184 435 2229 Magnum
455 2183 669 2219 dimittendi
689 2185 818 2221 Jesum
837 2190 912 2221 stu-

130 2231 233 2268 dium
272 2231 428 2277 gerebat
461 2231 613 2267 Pilatus.
649 2232 736 2276 Sed,
770 2237 910 2279 quanto

131 2277 315 2315 curiosius
332 2278 522 2315 dimittere
545 2281 694 2325 quaerit,
714 2284 817 2316 tanto
839 2280 911 2316 cri-

130 2325 355 2363 minosiores
383 2326 431 2362 ad
459 2331 619 2363 mortem
643 2328 726 2373 ejus
754 2328 910 2364 invenit.

130 2377 178 2411 ‚Et
195 2385 275 2410 cum
294 2378 527 2410 accusaretur
546 2374 743 2419 Dominus,
762 2376 913 2412 menda-

131 2421 238 2465 citer,
262 2432 284 2456 a
299 2422 534 2468 principibus
555 2423 783 2459 sacerdotum
803 2427 837 2459 et
862 2434 915 2460 se-

130 2470 310 2512 nioribus,
331 2470 427 2505 nihil
453 2471 655 2516 respondit,
684 2481 750 2507 nec
779 2471 826 2507 ad
856 2472 913 2507 sui

132 2516 427 2560 excusationem,
450 2527 518 2553 uec
538 2517 586 2553 ad
609 2517 795 2554 dictorum
817 2519 914 2555 resu-

131 2564 331 2607 tationem,
353 2574 418 2600 nec
440 2564 486 2600 ad
506 2564 710 2601 dicentium
726 2565 914 2613 imprope-

132 2612 341 2656 rationem;
365 2612 429 2647 s··(l
452 2613 571 2658 magis
585 2613 846 2650 accusationes
862 2614 913 2650 vi-

132 2660 254 2696 riliter
282 2659 472 2702 sustinuit,
503 2666 539 2696 et
570 2660 699 2697 tacuit.
729 2663 786 2704 Et,
815 2665 914 2705 tanc,

133 2719 216 2745 cum
238 2707 290 2744 sic
310 2712 550 2744 accusaretur
572 2709 618 2745 ab
641 2708 708 2750 eis,
731 2710 830 2746 dixit
858 2711 917 2745 illi

133 2757 277 2793 Pilatus
299 2767 308 2792 ε
330 2758 411 2793 Non
431 2756 540 2792 audis
561 2760 701 2803 quanta
723 2757 917 2793 adversam

221 2815 302 2847 Vin
324 2815 406 2846 Jsssu
430 2815 574 2851 Cnuisn.
599 2816 713 2848 Tomcs
735 2815 798 2847 lv.

987 952 1020 984 te
1039 949 1166 985 dicunt
1184 951 1418 986 testimonia?
1437 951 1539 997 Ideo,
1561 952 1771 989 secundum

988 998 1297 1043 Chrysostomum,
1317 999 1388 1034 hoc
1415 998 1577 1045 dicebat,
1596 999 1686 1046 quia
1704 1011 1769 1036 vo·

985 1042 1088 1080 lebat
1108 1043 1268 1081 liberare
1284 1056 1384 1090 eum,
1401 1046 1490 1082 dum
1504 1057 1544 1082 se
1558 1048 1769 1084 excusando

987 1091 1247 1137 responderet.
1275 1093 1346 1129 Sed
1366 1096 1399 1128 et
1418 1094 1600 1131 Dominus
1626 1106 1696 1131 non
1719 1106 1774 1131 re-

985 1139 1135 1184 spondit
1167 1141 1200 1174 ez'
1231 1140 1280 1175 ad
1312 1141 1429 1176 ullum
1462 1142 1625 1187 verbum,
1646 1145 1701 1178 ita
1731 1147 1772 1179 ut

987 1188 1185 1222 miraretur
1207 1189 1342 1223 Praeses
1362 1189 1600 1232 vehementer.
1623 1190 1669 1226 de
1690 1191 1771 1237 eJus

986 1234 1157 1287 patentia
1170 1238 1207 1270 et
1221 1238 1447 1275 constantia.
1458 1237 1560 1282 quod
1576 1237 1639 1274 ille
1656 1248 1770 1283 quem

987 1292 1025 1317 ln
1044 1282 1141 1328 Lege
1163 1282 1325 1329 peritum
1344 1287 1381 1319 et
1401 1283 1448 1319 ad
1470 1284 1598 1320 omnia
1616 1296 1771 1332 respon-

987 1329 1078 1365 dere
1111 1333 1306 1375 potentem
1344 1330 1537 1376 audierat,
1574 1331 1667 1368 nihil
1703 1344 1770 1370 re-

988 1376 1203 1422 sponderet.
1227 1380 1263 1413 et
1291 1378 1390 1424 quod
1417 1379 1604 1416 exhibitus
1630 1380 1678 1416 ad
1699 1380 1771 1417 cri-

988 1423 1127 1460 minale
1141 1424 1340 1470 judicium,
1362 1431 1398 1460 et
1418 1429 1524 1462 stans
1550 1430 1637 1464 ante
1669 1439 1770 1465 mor-

986 1474 1076 1514 tem,
1104 1482 1187 1518 quae
1206 1473 1305 1519 apud
1325 1483 1457 1510 omnes
1476 1474 1650 1511 homines
1667 1475 1770 1512 aesti-

988 1522 1114 1555 matur
1133 1519 1327 1558 terribilis.
1351 1520 1430 1567 ipse
1450 1521 1771 1567 imperturbabilis

987 1571 1216 1603 remaneret.
1241 1569 1280 1603 In
1300 1568 1370 1603 hoc
1389 1572 1515 1604 autem
1538 1571 1646 1606 (locet
1665 1582 1772 1607 accu-

986 1613 1109 1650 tiones
1131 1618 1167 1651 et
1189 1613 1673 1662 criminatione-spatienter
1689 1629 1771 1655 ese

987 1662 1241 1707 sustinendas,
1262 1662 1333 1699 hoc
1352 1662 1452 1699 enim
1477 1664 1596 1710 magis
1619 1665 1771 1702 mirabi-

987 1709 1061 1745 lem
1106 1709 1195 1746 sacit
1246 1710 1470 1747 Sanctorum
1517 1711 1739 1757 patientiam
1759 1742 1768 1757 ,

986 1767 1099 1803 quam
1121 1757 1305 1793 defensio.
1328 1758 1433 1794 Unde
1452 1758 1504 1795 nit
1523 1760 1738 1796 Ambrosius
1758 1775 1768 1797 .·

988 1806 1231 1841 «Accusatur
1260 1805 1442 1842 Dominus
1472 1810 1509 1842 et
1538 1810 1648 1845 tacet.
1681 1808 1770 1855 quia

986 1852 1207 1889 defensione
1229 1863 1305 1888 non
1338 1853 1500 1898 indigen
1521 1865 1589 1891 nec
1612 1866 1767 1893 accusa·

985 1899 1128 1936 tionem
1146 1900 1305 1936 tacendo
1325 1901 1542 1946 confirmat,
1558 1903 1623 1939 sed
1643 1904 1768 1947 despi-

986 1947 1035 1984 cit
1056 1959 1131 1984 non
1154 1947 1375 1985 refellendo.
1398 1950 1579 1986 Ambiunt
1600 1951 1767 1993 defendi.

986 1995 1049 2041 qui
1083 1995 1217 2032 tinient
1254 1994 1366 2031 vinci.
1399 1997 1531 2033 Melior
1561 2002 1617 2034 est
1655 2009 1770 2036 causa

986 2054 1070 2089 quae
1091 2054 1167 2079 non
1188 2043 1404 2079 detenditur
1421 2048 1459 2080 et
1477 2046 1671 2091 probatur.
1700 2048 1767 2084 Su-

986 2101 1109 2127 zanna
1129 2089 1258 2131 tat-uit,
1275 2094 1311 2127 et
1328 2091 1415 2127 vicit
1438 2102 1447 2127 :
1472 2106 1489 2125 υ
1511 2093 1591 2129 haec
1612 2094 1769 2131 Ambro-

985 2141 1075 2175 sias.
1099 2139 1215 2175 Judex
1235 2149 1326 2184 ergo
1346 2139 1514 2176 omnium
1534 2145 1621 2177 ante
1648 2142 1768 2179 tribu-

987 2187 1047 2222 nal
1061 2185 1197 2232 iudicis
1216 2185 1300 2222 vilis
1317 2190 1353 2222 et
1370 2186 1530 2233 indigni,
1550 2194 1769 2226 mansuetus

987 2240 1023 2270 et
1043 2233 1176 2270 tacitus
1197 2233 1314 2276 stetit,
1331 2239 1367 2269 et
1382 2242 1579 2272 accusatus
1595 2236 1686 2273 nihil
1710 2249 1768 2274 re-

987 2281 1152 2328 spondit.
1169 2282 1261 2318 Sunt
1275 2286 1402 2318 autem
1423 2286 1586 2328 quatuor
1600 2284 1768 2322 rationes

987 2329 1099 2375 hujus
1112 2327 1250 2365 silentii
1264 2331 1301 2365 et
1317 2330 1588 2367 taciturnitatis
1602 2332 1739 2369 Christi
1757 2345 1765 2369 :

988 2376 1106 2412 tacuit
1143 2376 1243 2412 enim
1280 2376 1452 2413 Christus
1491 2377 1613 2424 primo
1648 2380 1766 2426 juste,

987 2424 1077 2471 quia
1092 2427 1244 2470 propter
1265 2422 1468 2460 salsitatem
1486 2429 1767 2464 accusationum

988 2476 1026 2508 et
1044 2475 1262 2517 corruptum
1280 2471 1465 2517 judicium
1486 2472 1632 2520 indigni
1659 2480 1766 2511 erant

989 2518 1120 2555 andire
1138 2530 1146 2563 ;
1179 2519 1345 2555 secundo
1378 2519 1688 2566 misericorditer,
1723 2534 1769 2559 ne

990 2566 1133 2602 scilicet
1163 2577 1205 2602 ex
1239 2569 1488 2613 responsione
1520 2579 1588 2605 sua
1619 2570 1769 2616 pejores

990 2614 1139 2656 fierent,
1155 2615 1183 2649 si
1205 2613 1274 2650 sibi
1295 2626 1369 2651 non
1387 2616 1598 2659 crederent,
1617 2618 1673 2653 vel
1696 2628 1769 2653 non

991 2661 1208 2704 obedirent;
1227 2664 1338 2698 tertio
1368 2662 1637 2710 dispensative,
1660 2676 1704 2701 ne
1737 2665 1769 2701 si

991 2722 1030 2746 se
1065 2714 1261 2746 excusaret
1286 2709 1555 2753 dimitteretur,
1581 2716 1618 2748 et
1645 2712 1767 2749 crucis

994 2757 1151 2802 utilitas,
1173 2756 1317 2794 scilicet
1342 2762 1473 2795 nostra
1496 2760 1595 2796 salus
1621 2765 1658 2796 et
1682 2759 1768 2795 red·

1671 2831 1687 2849 ὃ
