1924 3157
595 168 732 204 INDEX
770 168 1019 205 GENERALIS
1056 168 1222 204 RERUM·
1676 167 1739 202 375

427 253 543 279 mstis.

94 319 237 355 Nomen
270 319 355 353 Jesu
375 315 566 362 quomodo
599 313 749 353 differat
770 324 792 350 a
811 324 876 350 no-

143 365 245 401 mine
265 363 448 401 Christus.
775 361 806 406 Ι,
829 364 872 398 82

94 414 147 450 De
169 412 365 458 dignitato,
398 411 568 448 efficacia
587 416 622 448 ct
650 410 874 456 praestantia

141 460 306 496 numinis
324 462 421 495 Jesu.
548 459 578 502 l,
601 464 644 496 8¹1
668 460 700 493 et
723 456 787 499 IV,
804 460 872 494 512

92 509 237 545 Nomen
255 509 339 543 Jesu
378 508 460 544 oleo
492 507 629 554 triplici
661 506 707 541 de
727 505 875 541 ratione

141 559 394 602 comparatur.
718 553 785 596 lv,
805 556 873 589 διδ

92 603 253 640 Poeticae
275 602 474 640 effusiones
501 604 538 641 S.
557 601 742 641 Bernardi
762 611 876 645 super

140 650 212 688 hoc
233 653 386 687 nomine
407 653 504 687 Jesu.
719 648 786 696 IV,
805 651 875 694 5¹4

401 750 565 776 JOAcnm.

90 814 256 851 Joachim
286 816 326 852 B.
365 815 483 850 Annas
512 814 640 851 mariti
674 825 805 861 preces
838 819 876 851 et

139 861 406 909 eleemosynae.
779 863 808 907 I,
835 878 875 910 ¹9

89 909 254 945 Joachim
275 914 430 956 apparet
450 910 616 954 Ans-volus
641 909 819 947 nuntians
840 908 874 947 ei

138 956 378 994 nativitatem
402 960 442 994 B.
468 958 611 995 Mariae.
768 959 802 1007 Ι,
832 973 873 1007 19

396 1055 568 1080 JOANNES.

83 1115 240 1152 Joannes
264 1115 357 1164 quid
387 1115 673 1163 interpretetur.
708 1116 812 1204 LHTS
835 1121 869 1154 et

793 1194 802 1211 ‚
831 1170 871 1203 16

290 1242 447 1268 JOANNES
474 1242 659 1268 BAPTISTA.

85 1305 239 1342 :loannis
268 1305 449 1351 Baptistae
481 1305 729 1351 praecursoris
751 1306 868 1343 mira-

134 1353 263 1389 culosa
280 1352 491 1400 conceptio.
768 1353 801 1398 Ι,
823 1357 869 1391 50

85 1401 164 1444 Quo
186 1399 247 1437 die
264 1405 468 1447 conceptus
489 1399 551 1437 sit.
768 1400 798 1447 Ι,
823 1405 868 1439 50

82 1449 240 1485 Ioannes
261 1450 429 1494 Baptista
448 1447 711 1485 sanctificatur
740 1449 778 1485 in
793 1461 868 1487 ma-

131 1499 200 1532 tris
223 1499 342 1532 litero.
651 1496 681 1541 Ι,
704 1500 749 1544 49
773 1502 806 1534 ei
825 1502 869 1543 54

84 1546 137 1582 De
159 1543 356 1598 nativitate
385 1545 539 1581 Joanm’s
558 1545 737 1591 Baptistae
765 1556 863 1630 Γνω-

134 1603 301 1628 cursorls
788 1625 795 1635 .
825 1597 869 1630 55

83 1641 125 1677 In
145 1641 215 1676 hac
237 1640 434 1676 nativitate
455 1645 637 1688 quantum
659 1639 769 1677 suerit
783 1652 872 1685 ,eali-

133 1688 250 1724 dium.
659 1688 690 1732 Ι,
710 1702 753 1735 ἐῐῃ
771 1694 803 1726 CC
826 1694 869 1727 55

85 1737 159 1773 Cur
184 1735 420 1773 nativitatem
440 1737 594 1772 Joanm's
612 1738 792 1782 Baptistae
807 1748 868 1784 po-

132 1786 206 1821 tius
228 1795 341 1830 quam
362 1786 524 1821 aliorum
557 1786 782 1820 Sanctorum
807 1797 866 1821 ce-

133 1832 337 1869 lebremus.
766 1832 796 1876 Ι,
821 1836 864 1869 55

84 1880 158 1917 Cur
182 1880 403 1925 praecursori
424 1878 575 1916 Domini
596 1890 737 1916 nomen
758 1882 867 1916 Jaan-

131 1931 190 1964 nis
209 1928 417 1975 proprium.
768 1927 799 1972 Ι,
822 1933 865 1972 54

83 1977 136 2013 De
171 1986 322 2012 secessu
339 1977 492 2012 Joannis
527 1977 703 2022 Baptistae
732 1976 768 2011 in
800 1976 867 2012 de-

133 2028 249 2060 serto.
626 2023 656 2066 l,
676 2026 718 2058 55
743 2027 775 2058 et
806 2027 867 2060 125

85 2072 185 2110 Situs
207 2072 276 2108 loci
300 2071 363 2108 ubi
384 2070 648 2118 poenitentiam
668 2072 745 2117 egit
762 2072 869 2107 Joan-

131 2131 193 2156 nes
213 2121 397 2165 Baptista.
750 2117 782 2163 1,
807 2122 870 2156 125

82 2169 239 2204 Joannes
270 2169 442 2213 Baptista
479 2166 622 2212 primus
645 2167 803 2203 eremita
836 2171 873 2203 et

132 2216 406 2252 monachorum
426 2216 619 2261 princeps.
742 2213 773 2257 I,
806 2218 872 2258 124

82 2262 241 2302 Initium
277 2264 431 2300 Joarmz's
473 2264 652 2309 Baptistae
685 2261 872 2309 praedica-

130 2310 261 2349 tionis.
750 2308 781 2355 I,
808 2313 874 2354 144

83 2360 241 2396 Ioannes
274 2360 446 2406 Baptista
474 2357 663 2405 quomodo
693 2356 832 2394 missus
850 2368 873 2394 a

133 2407 225 2451 Deo,
253 2417 329 2443 non
353 2417 375 2443 a
397 2407 518 2452 seipso
544 2406 701 2441 venerit.
741 2404 773 2448 1,
807 2408 869 2441 155

85 2455 210 2500 Quare
230 2454 268 2490 in
294 2455 462 2491 Jordane
491 2452 737 2500 baptizaverit
755 2454 871 2489 Joan-

132 2513 195 2538 nes
216 2504 386 2548 Baptista
752 2499 783 2545 Ι,
806 2503 870 2544 146

85 2550 208 2594 Quare
243 2550 388 2596 plinius
425 2548 687 2596 praedicaverit
711 2559 871 2586 reffnum

135 2598 332 2634 coelorum.
755 2575 786 2641 Ι,
808 2599 871 2640 ι46

85 2647 240 2682 Joannes
283 2647 454 2693 Baptista
484 2656 555 2682 vox
587 2648 624 2682 et
660 2654 872 2692 praecursor

137 2692 299 2729 Domini.
746 2691 778 2734 l,
806 2695 869 2735 164

87 2741 161 2778 Cur
182 2742 384 2787 putabatur
403 2740 586 2778 Christus.
746 2739 778 2786 Ι,
806 2742 869 2775 165

88 2788 289 2825 Humiliter
307 2800 347 2826 se
372 2799 454 2826 esse
488 2790 678 2827 Christum
713 2790 871 2825 Joannes

135 2837 307 2883 Baptista
327 2839 455 2884 negat.
752 2835 784 2882 I,
805 2837 869 2873 165

956 243 1114 278 Joannes
1150 242 1321 287 Baptista
1347 238 1544 276 moraliter
1573 238 1638 276 dat
1658 240 1739 276 for-

1006 300 1104 325 mam
1127 289 1289 333 vivendi,
1324 286 1557 335 praedicandi
1588 290 1625 324 et
1664 288 1738 324 sru-

1004 336 1208 373 ctishrlndi.
1614 334 1645 379 Ῑ,
1673 339 1737 383 169

956 384 1142 421 Sanrlilas
1161 385 1314 420 Joannis
1335 385 1511 429 Raptistae
1531 382 1567 419 in
1583 383 1736 427 vestitu,

1003 433 1039 468 in
1060 432 1171 475 vic-tn,
1189 432 1225 467 in
1248 431 1480 467 rontinentia
1501 435 1537 468 et
1559 432 1596 467 in
1619 430 1740 467 sobri-

1003 483 1102 516 etate
1127 481 1431 515 commendatur.
1616 477 1648 522 Ι,
1673 481 1737 525 ¹47

953 529 1107 565 Joamzis
1126 528 1301 571 Baptistae
1322 525 1581 562 testimonium
1602 525 1739 562 multi-

1002 575 1085 622 plex
1105 574 1151 610 de
1168 574 1315 610 Christo
1336 578 1376 610 ut
1388 575 1512 620 Agno,
1533 576 1570 610 et
1585 578 1624 610 ut
1644 576 1739 610 Mes-

1001 622 1058 659 sia
1086 621 1283 668 promisso.
1611 620 1642 667 Ι,
1671 634 1735 658 211

953 671 1006 707 De
1040 669 1338 706 incarceratione
1377 671 1531 705 Joanm's
1561 670 1615 706 Ba
1645 671 1741 705 tistae

1001 721 1038 755 et
1058 718 1104 754 de
1127 718 1237 761 hujus
1264 716 1397 754 causis.
1642 745 1650 761 ‚
1672 718 1739 753 255

954 766 1027 803 Cur
1043 765 1091 801 ad
1106 764 1295 801 Christum
1308 763 1512 811 discipulos
1531 775 1575 801 ex
1587 773 1741 801 carcere

1002 812 1160 849 miserit.
1606 811 1656 854 ΙΙ,
1694 814 1739 859 75

955 861 1145 898 Laudatur
1161 862 1316 896 Joannes
1337 861 1507 904 Baptista
1532 869 1554 895 a
1575 859 1739 903 Christo,

1002 909 1048 945 de
1079 908 1291 944 constantia
1317 912 1354 944 et
1380 908 1428 944 de
1448 906 1534 944 aliis
1563 907 1641 943 suis
1666 906 1740 942 vir-

1002 955 1157 993 tutibus.
1625 954 1672 995 11,
1694 956 1740 1001 78

952 1007 1109 1041 Joannes
1145 1005 1317 1050 Baptista
1349 1013 1418 1039 nec
1455 1002 1637 1043 calamus,
1672 1012 1742 1038 nec

1002 1053 1162 1089 arundo.
1620 1049 1670 1093 II,
1694 1052 1739 1096 78

951 1102 1104 1136 Joannis
1126 1101 1315 1146 Baptistae,
1341 1099 1498 1146 jubente
1521 1098 1667 1134 Herode
1693 1099 1739 1143 ΙΙ,

996 1149 1209 1184 decollatio.
1413 1146 1463 1187 II,
1502 1149 1566 1192 ¹57
1582 1150 1615 1181 et
1632 1155 1738 1191 seqq.

951 1196 1121 1240 Quatuor
1139 1194 1177 1230 in
1203 1196 1356 1230 Joamiis
1377 1195 1554 1240 Baptistae
1575 1192 1740 1230 decolla-

998 1247 1102 1279 tione
1121 1242 1227 1278 valde
1252 1242 1433 1278 crudelia.
1595 1240 1646 1283 ΙΙ,
1674 1242 1739 1276 ι58

949 1292 1002 1328 De
1022 1291 1105 1327 luco
1134 1293 1171 1326 et
1192 1293 1364 1336 tempore
1400 1287 1667 1326 decollationis
1682 1289 1741 1324 Jo-

997 1340 1107 1374 anm's
1122 1339 1315 1384 Baptistae.
1595 1335 1646 1378 ΙΙ,
1674 1339 1713 1371 ι5

948 1385 1155 1423 Decollatio
1175 1387 1329 1421 Joannis
1346 1387 1535 1432 Baptistae,
1555 1382 1645 1430 quid
1660 1393 1742 1429 my-

998 1433 1090 1470 stice
1110 1431 1317 1478 significet.
1597 1430 1647 1475 ΙΙ,
1674 1434 1739 1478 159

948 1483 1002 1518 De
1024 1483 1178 1517 ,Ioannis
1197 1482 1375 1527 Baptistae
1404 1479 1546 1516 virtute
1567 1483 1603 1514 et
1624 1478 1737 1514 inno-

999 1528 1136 1565 centia.
1458 1527 1509 1571 11,
1536 1531 1601 1573 ¹59
1617 1531 1650 1561 et
1672 1529 1738 1562 160

948 1576 1000 1614 De
1023 1577 1244 1614 Inventione
1265 1575 1401 1624 capitis
1420 1577 1575 1612 Joannis
1585 1574 1741 1659 lIliaptg'-

996 1629 1060 1661 εἰει)
1628 1650 1636 1666 ,
1672 1636 1683 1658 1
1717 1636 1738 1669 9

947 1675 1104 1709 Joannes
1125 1673 1296 1717 Baptista
1316 1671 1431 1708 etiam
1461 1670 1658 1706 defunctus
1689 1672 1737 1705 ah

996 1720 1142 1756 Herode
1162 1720 1329 1755 timetur.
1603 1718 1646 1757 11,
1671 1719 1737 1764 189

947 1768 1167 1810 Magnitudo
1188 1769 1341 1803 Joannz's
1377 1768 1554 1812 Baptistae
1587 1764 1738 1801 Domini

992 1815 1253 1862 praecursoris.
1420 1813 1451 1858 l,
1477 1828 1520 1861 29
1561 1817 1594 1848 et
1618 1811 1666 1857 ΙΙ,
1692 1814 1737 1847 85

944 1865 1101 1899 Joannes
1123 1865 1292 1909 Baptista
1312 1862 1451 1908 quibus
1475 1862 1521 1897 de
1543 1859 1664 1897 causis
1676 1863 1734 1895 est

995 1911 1077 1957 plus
1103 1921 1218 1956 quam
1242 1911 1445 1957 Propheta.
1617 1907 1668 1950 ΙΙ,
1689 1922 1735 1954 79

945 1958 1142 2003 Quomodo
1162 1960 1320 1994 Joannes
1339 1958 1509 2003 Baptista
1519 1955 1631 1993 fuerit
1647 1965 1738 2001 qna-

995 2005 1025 2042 si
1050 2006 1229 2053 Angulns,
1264 2010 1299 2042 et
1316 2005 1454 2052 quibus
1475 2004 1521 2041 de
1537 2004 1663 2041 causis
1679 2012 1736 2038 re-

996 2065 1083 2090 vera
1121 2058 1276 2090 vocetur
1303 2051 1482 2099 Angelus.
1609 2050 1660 2095 ΙΙ,
1683 2052 1729 2087 80

950 2102 1073 2146 Quare
1083 2103 1242 2138 Joannes
1256 2102 1431 2148 Baptista
1446 2104 1599 2136 vocetur
1616 2098 1730 2134 Elias.

1330 2147 1362 2194 Ι,
1385 2161 1444 2196 29,
1470 2150 1536 2191 164
1561 2150 1595 2183 ec
1614 2145 1666 2188 11,
1687 2147 1734 2188 84

1113 2267 1274 2294 JOANNES
1301 2265 1564 2292 EVANGELlS‘rA.

948 2353 1102 2389 Joannis
1146 2351 1399 2398 Evangelistae
1453 2349 1493 2387 in
1539 2348 1733 2387 Christum

997 2410 1116 2437 amor.
1569 2396 1640 2443 ΙΙΙ,
1662 2400 1729 2442 541

948 2451 1104 2485 Joannes
1123 2446 1361 2493 Evangelista
1376 2444 1424 2481 ob
1436 2443 1556 2480 multa
1579 2445 1627 2481 ab
1647 2444 1731 2491 ipso

997 2496 1146 2532 Christo
1177 2494 1247 2531 suit
1271 2504 1350 2542 prae
1383 2490 1520 2529 ceteris
1539 2493 1570 2528 Α
1599 2492 1732 2528 ostolis

997 2543 1171 2579 dilectus.
1592 2539 1636 2585 V,
1662 2543 1731 2583 254

950 2590 1096 2637 Nuptis:
1121 2591 1158 2626 in
1179 2588 1316 2636 quibus
1330 2599 1428 2636 aqua
1443 2587 1482 2624 in
1500 2587 1630 2624 vinum
1653 2598 1733 2623 mu-

997 2646 1075 2679 tata
1095 2637 1176 2682 suit,
1218 2636 1395 2674 dicuntur
1430 2637 1547 2673 tuisse
1575 2636 1730 2672 Joannis

997 2686 1264 2733 Evangelistae.
1615 2681 1645 2726 Ι,
1663 2695 1731 2735 2,¹9

947 2737 1099 2776 Joannis
1137 2731 1386 2780 Evangelistae
1425 2729 1730 2783 praeeminentia,

995 2787 1086 2823 dum
1105 2791 1219 2829 supra
1238 2785 1370 2828 pectus
1390 2778 1527 2818 Christi
1550 2779 1586 2814 in
1599 2777 1731 2814 ultima

995 2841 1102 2871 coena
1119 2829 1308 2872 recubuit,
1430 2826 1501 2873 Ill,
1515 2829 1581 2870 541
1606 2828 1640 2862 et
1659 2826 1732 2868 564
