1924 3157
171 195 238 229 380

496 290 608 317 mcrrA
617 308 625 316 .

173 356 376 392 Licitorum
411 353 686 388 immoderatus
722 360 811 387 usus
839 350 952 386 etiam

223 406 279 437 est
297 399 537 437 damnabilis.
792 397 864 442 ΙΙΙ,
885 400 950 433 282

173 448 406 494 Quandoque
423 458 446 484 a
466 448 578 483 licitis
598 445 861 483 abstinendum
880 446 950 480 est.

829 493 860 536 1,
889 506 951 538 177

507 584 616 609 L1L1A.

175 639 274 677 Lilia
289 639 412 686 figura
432 642 518 676 sunt
537 641 740 675 castorum.
829 634 861 678 Ι,
884 637 952 670 516

493 734 636 759 LIMBUS.

174 795 218 833 In
241 796 349 831 limbo
377 796 532 832 Patrum
549 792 728 841 gaudium
750 792 796 827 de
816 789 952 826 animae

221 842 353 879 Christi
370 843 551 878 descensu
567 842 612 877 ad
629 840 784 875 inferos.
805 836 871 880 IV,
887 841 952 884 169

173 889 367 936 Apparitio
387 890 425 925 in
462 890 572 925 limbo
610 888 708 922 sacta
728 888 813 932 post
831 895 954 919 resur-

223 939 442 972 rectionem.
789 931 855 975 IV,
886 935 952 968 206

175 983 299 1021 Sancti
322 986 465 1027 Patres,
487 993 581 1028 quos
603 978 771 1017 Christus
799 990 843 1015 ex
869 980 952 1014 lim-

222 1032 263 1066 bo
283 1031 468 1075 liberavit,
488 1040 572 1067 cum
590 1029 672 1075 ipso
699 1027 737 1062 in
752 1028 885 1062 coeIum
906 1037 954 1061 a—

220 1078 418 1114 scendunt.
803 1074 868 1118 IV,
886 1076 951 1109 252

487 1159 633 1185 LINGUA.

171 1217 312 1261 Linqua
331 1225 396 1250 cur
409 1212 555 1250 homini
573 1213 673 1248 data.
808 1210 859 1255 ΙΙ,
883 1224 950 1257 209

172 1265 318 1306 Linque
337 1264 572 1307 quantopere
602 1259 651 1295 sit
677 1270 699 1296 a
735 1257 843 1295 nobis
884 1269 947 1294 cu-

220 1309 430 1345 stodienda.
813 1304 864 1349 ΙΙ,
883 1319 950 1351 219

170 1358 313 1399 Linqua
331 1356 494 1402 pessima
514 1366 599 1401 quae
622 1355 682 1390 sit.
828 1352 881 1396 ΙΙ,
906 1355 948 1398 87

171 1405 402 1447 Liuyuarum
422 1405 536 1439 trium
553 1402 593 1437 in
613 1401 722 1438 titulo
750 1400 870 1436 crucis
894 1410 951 1434 ex-

220 1450 407 1487 cellentia.
792 1445 859 1491 IV,
887 1460 947 1482 101

457 1531 671 1557 LINTEAMEN.

171 1589 403 1625 Linteamina
434 1586 513 1621 sola
542 1584 664 1630 posita
688 1582 727 1619 in
749 1581 949 1628 sepulchro

220 1634 355 1671 Christi
379 1634 469 1680 quid
496 1632 726 1668 indicabant.
794 1628 860 1673 IV,
885 1629 950 1666 189

171 1684 443 1719 Linteuminum
481 1679 610 1715 altaris
642 1676 798 1714 materia
832 1676 953 1721 qualis

219 1741 301 1766 GSSC
324 1730 446 1765 (lebet.
795 1723 861 1768 IV,
888 1727 952 1771 149

171 1778 252 1813 Non
283 1777 421 1812 debent
447 1776 549 1821 prius
582 1771 711 1809 altaris
738 1770 954 1807 linteamina

218 1823 300 1860 aliis
317 1823 447 1860 usibus
462 1820 632 1858 adhibita
653 1820 781 1855 fuisse.
798 1819 864 1862 IV,
889 1821 953 1865 149

506 1923 629 1948 LOCUS.

170 1983 264 2017 Loca
277 1978 457 2024 quinque,
473 1988 515 2013 ex
538 1976 675 2021 quibus
696 1974 739 2009 ad
763 1973 954 2009 Christum

217 2027 432 2069 veniebant,
450 2024 541 2070 quid
558 2022 787 2068 significent.
839 2020 869 2064 I,
888 2024 954 2056 250

170 2077 283 2111 Locus
306 2075 450 2120 primus
473 2071 562 2117 quid
581 2070 718 2114 signet.
813 2067 863 2111 ΙΙ,
888 2071 953 2111 264

171 2124 284 2158 Locus
301 2121 444 2166 primus
476 2128 552 2154 non
571 2120 627 2153 est
648 2115 895 2162 appetendus,
918 2117 954 2149 et

218 2179 348 2214 quare.
661 2163 712 2207 ΙΙ,
736 2166 801 2198 265
830 2165 863 2197 et
886 2165 951 2197 265

170 2217 301 2251 Locum
341 2213 587 2250 novissimum
627 2212 809 2247 dehemus
844 2219 954 2254 appe-

217 2268 311 2306 tere,
335 2265 372 2298 et
391 2271 520 2305 quare.
668 2258 720 2302 ΙΙ,
744 2260 809 2293 265
831 2260 864 2291 et
885 2259 951 2291 266

172 2311 285 2345 Locus
306 2308 454 2344 medius
481 2311 537 2343 cst
559 2305 724 2352 dignior.
798 2303 865 2347 IV,
885 2305 951 2338 215

484 2400 650 2427 LOCUTIO.

172 2453 255 2490 Oris
273 2453 403 2487 locutio
422 2461 465 2486 ex
485 2449 610 2485 cordis
623 2445 856 2485 abundantia
868 2455 952 2492 pro-

220 2498 331 2535 cedit.
614 2495 644 2540 I,
667 2498 734 2530 555
757 2498 790 2529 et
812 2495 858 2533 ΙΙ,
885 2506 950 2537 217

171 2546 345 2591 Quinque
379 2546 572 2581 locutionis
608 2542 848 2579 attendendae
875 2539 952 2575 cir—

218 2594 469 2630 cumstantiae.
807 2597 858 2635 11,
881 2600 951 2622 220

468 2683 661 2708 LONGINUS.

169 2741 369 2784 Longinus,
405 2737 467 2783 qui
502 2734 639 2772 Christi
667 2735 763 2770 latus
787 2731 948 2779 aperuit,

216 2787 300 2833 quis
326 2786 454 2828 fuerit,
477 2785 557 2830 ejus
575 2780 784 2825 conversio,
804 2791 847 2815 ac
867 2790 950 2815 san-

217 2833 327 2871 ctitas
349 2834 436 2870 vitae
454 2833 537 2879 post
558 2831 775 2866 transactae.
788 2825 855 2872 IV,
883 2829 947 2863 156

663 188 801 222 INDEX
842 185 1098 221 GENERALIS
1136 187 1300 221 RERUM-

1342 286 1464 315 LOQUI.

1021 349 1074 385 De
1095 349 1239 394 Angelo
1261 358 1347 384 cum
1368 344 1597 392 pastoribus,
1617 350 1706 383 nato
1728 349 1798 384 Do-

1069 395 1186 441 mino,
1209 396 1389 441 loquente.
1699 393 1731 437 1,
1751 408 1795 441 72

1024 443 1169 489 Septies
1191 444 1347 479 locutam
1367 453 1449 479 esse
1471 443 1512 479 B.
1535 441 1691 478 Mariam
1710 440 1797 478 Vir-

1071 489 1197 536 ginem
1218 489 1391 536 legimus.
1700 487 1732 532 I,
1754 490 1798 524 52

1021 538 1139 582 Loqui
1170 538 1320 583 quando
1350 540 1387 573 et
1416 535 1605 583 quomodo
1638 535 1801 572 debeant

1072 584 1289 622 Christiani.
1684 581 1715 627 Ι,
1732 585 1799 626 284

1022 632 1140 677 Loqui
1166 642 1251 668 cum
1272 631 1430 669 muliere
1452 631 1532 668 sola
1549 641 1624 667 non
1639 640 1798 667 consue-

1072 680 1124 715 vit
1143 680 1340 717 Dominus.
1657 676 1707 722 11,
1735 679 1799 714 126

1362 762 1467 786 Lern.

1023 822 1113 859 Loth
1140 833 1158 857 0
1177 820 1348 857 Sodomis
1369 820 1496 857 exiens
1511 830 1629 866 quare
1649 830 1672 856 a
1687 819 1800 856 Chri-

1074 874 1130 904 sto
1174 867 1351 904 fidelibus
1388 871 1574 904 statuatur
1604 866 1643 902 in
1678 877 1800 902 exem-

1072 916 1189 962 plum.
1641 913 1710 958 ΙΙΙ,
1734 916 1800 949 285

1025 964 1113 1001 Loth
1145 962 1234 1009 qnid
1269 963 1536 1009 interpretetur
1568 964 1606 997 et
1643 960 1801 1007 mystice

1075 1011 1276 1056 significet.
1640 1008 1710 1053 ΙΙΙ,
1734 1008 1802 1051 284

1025 1060 1117 1095 Loth
1132 1068 1223 1093 uxor
1241 1060 1343 1093 retro
1362 1055 1565 1102 respiciens
1579 1056 1619 1091 in
1638 1058 1802 1092 statuam

1073 1105 1161 1142 salis
1179 1116 1358 1141 conversa
1373 1104 1463 1150 quid
1476 1103 1674 1150 significet.
1691 1102 1741 1149 ΙΙ,
1761 1116 1802 1139 ιο

1597 1154 1631 1187 et
1643 1149 1714 1197 ΙΙΙ,
1734 1152 1800 1186 256

1357 1234 1479 1259 LUCAS.

1022 1297 1139 1333 Lucas
1157 1293 1244 1341 quid
1258 1293 1298 1329 in
1312 1304 1379 1330 suo
1394 1291 1593 1339 Evangelio
1608 1291 1802 1339 speciatim

1071 1342 1255 1378 intendat.
1503 1339 1570 1385 IV,
1594 1343 1659 1376 265
1681 1343 1714 1375 et
1735 1342 1801 1375 266

1024 1393 1140 1428 Lucas
1159 1399 1225 1436 per
1244 1389 1379 1425 bovem
1403 1387 1608 1434 figuratur.
1644 1385 1710 1433 IV,
1735 1389 1802 1430 264

1324 1484 1498 1510 LUCERNA.

1024 1550 1186 1586 Lucerna
1204 1558 1362 1584 accensa
1375 1557 1449 1583 non
1468 1546 1580 1582 debet
1593 1546 1661 1583 sub
1675 1545 1802 1582 modio

1073 1595 1264 1632 abscondi.
1680 1593 1711 1638 Ι,
1735 1597 1802 1640 276

1025 1645 1193 1681 Lucernae
1221 1643 1397 1679 ardentes
1437 1643 1475 1678 in
1501 1641 1675 1679 manibus
1713 1640 1803 1688 quid

1074 1690 1301 1738 significent.
1641 1687 1711 1735 ΙΙΙ,
1735 1701 1798 1735 291

1331 1772 1493 1798 LUCIFER.

1026 1835 1190 1877 Luciferi
1209 1842 1329 1868 casus.
1699 1829 1732 1875 I,
1762 1833 1801 1866 16

1026 1883 1236 1924 Luciferum
1270 1880 1315 1915 de
1347 1878 1441 1915 coelo
1477 1877 1675 1914 cadentem
1708 1877 1803 1913 vidit

1077 1928 1259 1964 Christus.
1684 1924 1733 1970 ΙΙ,
1757 1927 1800 1971 95

1027 1976 1144 2020 Hujus
1164 1985 1270 2010 casus
1286 1974 1449 2016 Luciferi
1468 1983 1594 2009 causa.
1681 1971 1731 2016 ΙΙ,
1757 1975 1800 2019 95

1025 2024 1173 2065 Lucifer
1194 2032 1309 2067 quare
1330 2026 1368 2058 et
1390 2031 1462 2066 quo
1490 2022 1802 2065 sensupraesltsu-

1071 2070 1224 2115 perbiae.
1444 2067 1476 2112 Ι,
1501 2070 1569 2103 552
1596 2070 1629 2102 et
1650 2066 1700 2109 II,
1731 2079 1799 2102 210

1024 2118 1187 2161 Luciferi
1206 2116 1427 2152 imitatores.
1656 2113 1709 2159 ΙΙ,
1736 2115 1799 2160 175

1305 2203 1499 2229 LUDOVICUS
1506 2219 1514 2228 .

1021 2264 1198 2303 Ludovici
1233 2263 1345 2310 Regis
1378 2264 1545 2299 Franciae
1572 2262 1729 2309 quaestio
1754 2262 1800 2298 de

1069 2311 1281 2349 beneficiis.
1651 2309 1702 2354 ΙΙ,
1735 2312 1798 2355 175

1334 2392 1485 2417 LUGERE.

1678 2449 1709 2495 Ι,
1731 2453 1796 2485 265

1543 2499 1572 2544 1,
1593 2499 1658 2534 265
1679 2500 1712 2533 ec
1730 2500 1796 2533 266

1021 2453 1189 2498 Luqendz·
1215 2462 1335 2489 causae
1360 2452 1538 2498 quinque.

1021 2502 1238 2546 Lagentium
1257 2498 1476 2536 consolatio.

1351 2569 1471 2594 mmm.

1020 2632 1177 2672 Lumbos
1195 2630 1427 2679 praecingere
1449 2629 1538 2676 quid
1558 2628 1617 2664 sit.
1636 2627 1707 2672 ΙΙΙ,
1728 2641 1790 2674 291

1356 2714 1462 2740 LUNA.

1020 2777 1125 2813 Luna
1160 2775 1250 2820 quid
1272 2774 1425 2822 mystice
1455 2777 1492 2810 et
1513 2771 1707 2810 moraliter
1736 2769 1793 2805 si-

1068 2822 1235 2870 gnificet.
1636 2817 1705 2863 ΙΙΙ,
1724 2819 1792 2863 269
