1924 3157
258 152 310 187 DE
348 153 518 186 SCRIPT.
560 152 798 194 EVANGEL„
837 152 890 186 At:
928 152 1054 188 Firmi
1095 152 1193 187 FINE
1233 153 1282 187 BT
1321 151 1576 185 UTlLlTATE.
1680 149 1740 183 207

101 223 342 268 medicinam,
361 226 397 259 et
423 222 588 259 ostendit
646 221 783 260 ualiter
804 223 881 259 ho-

99 283 161 310 mo
180 272 244 308 ille
265 275 421 308 conatus
447 275 504 306 est
524 270 570 306 ad
592 280 631 306 sa
652 274 750 306 utem
770 280 880 307 voca-

99 331 139 357 re
158 323 195 356 et
213 319 395 356 reducere
414 318 586 354 homines
610 328 678 364 per
699 317 880 364 seipsum,

98 370 135 404 et
165 377 232 413 per
263 366 372 404 alios.
403 365 544 401 scilicet
579 375 646 412 per
682 365 881 402 duodecim

96 414 313 462 Apostolos,
343 417 379 450 et
402 412 640 459 septuaginta
658 412 756 449 duos
775 412 882 449 disci-

100 461 219 509 pulos.
246 482 290 488 —-
310 462 452 504 Quarto
473 462 622 507 probat,
641 460 742 505 quod
764 459 883 496 homi-

99 508 160 546 nis
180 509 294 556 hujus
318 508 477 545 affectus
503 511 539 543 et
565 507 728 544 eruditio
752 511 880 544 osten—

97 556 152 593 dit
188 556 312 603 ipsum
336 555 449 592 fuisso
479 556 647 591 omnium
685 554 882 590 hominum

99 604 349 647 Salvatorem,
385 602 473 648 quia
509 606 587 638 tota
617 612 685 638 sua
717 601 881 638 eruditio

98 651 350 688 ordinabatur
369 650 415 686 ad
436 649 651 696 pellendum
671 652 828 696 peccata
846 652 882 685 ct

98 698 251 735 morbos
288 697 515 741 animarum,
537 700 573 732 et
610 698 715 743 ponit
757 696 881 743 plures

97 745 263 783 morales
283 744 532 786 eruditiones,
554 754 701 780 summe
728 754 878 780 accom-

98 793 221 830 modae
242 792 289 829 ad
312 791 506 828 hominum
527 791 700 838 salutem,
721 797 758 827 et
778 801 882 828 cura·

97 841 257 882 tionem,
279 850 346 876 seu
373 840 621 875 remotionem
641 849 663 875 a
683 838 783 874 vitiis
799 849 882 886 per-

98 887 276 924 tinentes.
296 908 340 913 —
371 886 508 930 Quinto
529 887 680 933 probat,
703 888 802 932 quoil
834 886 881 921 il-

95 935 168 972 lius
185 933 354 971 hominis
374 934 562 970 discessus
583 937 617 970 et
643 944 880 969 consumma—

97 982 147 1019 tio
161 993 229 1029 per
248 986 425 1025 mortem,
437 981 505 1017 suit
530 992 616 1017 vere
630 980 880 1025 medicinalis,

97 1033 133 1066 et
152 1029 230 1065 veri
248 1028 454 1066 Salvatoris
474 1029 603 1064 mundi
621 1040 629 1072 ;
649 1029 747 1064 unde
762 1027 880 1063 intro-

97 1076 206 1114 ducit
227 1086 312 1112 eum
340 1077 526 1112 dicentem
551 1087 558 1111 :
582 1078 656 1112 Hoc
679 1080 731 1111 est
753 1086 881 1120 corpus

95 1135 228 1165 meum,
251 1124 349 1169 quod
368 1134 434 1170 pro
455 1124 557 1159 vobis
576 1123 709 1167 clatur3
729 1126 765 1158 et
785 1134 793 1158 ι
813 1124 881 1158 Hic

96 1174 150 1208 est
167 1172 281 1212 calix,
303 1182 436 1207 novum
457 1173 711 1207 testamentum
732 1172 770 1205 in
791 1181 880 1205 san—

98 1220 210 1265 quine
229 1229 320 1261 me0,
346 1221 412 1265 qui
428 1229 496 1265 pro
510 1219 612 1254 vobis
631 1218 823 1262 fundetur,
845 1220 881 1253 et

97 1266 212 1314 plura
237 1265 312 1303 alia
338 1266 455 1303 verba
474 1264 685 1302 clementiae
707 1265 881 1312 superius

98 1315 213 1351 dicta.
238 1333 282 1340 -—
317 1314 427 1350 Sexto
462 1314 611 1360 probat,
635 1314 734 1360 quod
776 1313 881 1349 istius

98 1360 266 1398 hominis
285 1371 481 1408 regressus
508 1361 555 1397 ad
580 1371 649 1397 nos
679 1363 716 1397 et
749 1361 883 1396 Resur-

100 1408 235 1453 rectio,
269 1408 339 1445 suit
374 1408 454 1445 veri
485 1407 690 1445 salvatoris
722 1408 879 1452 mundi3

102 1457 204 1493 unde
225 1456 459 1492 ostendendo
470 1456 571 1502 quod
593 1456 671 1502 ipse
692 1458 774 1491 erat
794 1465 881 1491 vere

100 1503 185 1548 iste,
207 1503 270 1549 qui
308 1503 476 1540 omnium
501 1503 675 1539 Gentium
703 1506 783 1539 erat
801 1512 882 1538 me-

101 1550 209 1588 dicus
224 1556 260 1587 et
281 1551 464 1593 Salvator,
482 1549 629 1586 inducit
650 1550 764 1596 quod,
788 1549 885 1585 sicut

96 1598 280 1644 scriptum
299 1601 356 1634 est
378 1610 385 1635 ε
411 1599 472 1635 Sic
494 1599 680 1644 oportebat
701 1599 884 1634 Christum

96 1648 182 1693 pati
202 1650 235 1682 et
260 1656 447 1691 resurgere
467 1657 488 1681 α
508 1648 660 1681 mortuis
681 1647 790 1680 tertia
809 1645 880 1686 die,

100 1697 135 1729 et
150 1693 353 1740 praedz'carz·
372 1695 411 1729 in
430 1695 573 1728 nomine
599 1693 678 1737 ejus
700 1694 881 1739 perniten-

100 1743 193 1777 tiam
215 1744 248 1777 et
265 1742 510 1776 remissionem
530 1739 698 1776 omnium
715 1742 882 1786 peccato-

96 1799 178 1824 rum
199 1790 238 1824 in
259 1798 380 1823 omnes
406 1788 548 1824 Gentes.

149 1850 160 1872 1
173 1850 184 1872 1
207 1837 371 1872 JOANNES
381 1846 473 1871 veno
487 1846 623 1871 rnonAT
638 1846 709 1871 nuit
725 1846 809 1870 Essa
823 1835 879 1871 Fi·

98 1894 181 1920 mnu
202 1884 279 1919 Dm.
302 1903 342 1908 —
359 1884 524 1919 Joaunes
542 1893 646 1926 vero,
663 1881 777 1928 quiin
795 1881 883 1918 Asia

104 1930 347 1977 Evangelium
369 1930 497 1966 Graece
520 1930 684 1976 scripsit,
708 1929 881 1966 introdu-

106 1979 156 2014 cit
176 1977 287 2014 istam
316 1977 594 2013 conclusionem
617 1989 625 2012 ι
650 1978 749 2024 quod
769 1978 882 2013 homo

102 2025 180 2068 ille,
203 2025 265 2071 qui
293 2024 413 2060 dictus
451 2030 508 2061 est
540 2026 664 2069 Jesus,
692 2024 761 2060 suit
797 2035 883 2060 vere

104 2072 220 2109 Filius
247 2071 327 2110 Dei.
349 2071 447 2118 quod
475 2082 550 2108 non
581 2073 691 2108 (lebet
725 2071 883 2118 intelligi

103 2120 201 2167 quod
221 2119 269 2156 sit
287 2119 401 2156 Filius
419 2119 483 2156 Dei
505 2129 573 2166 per
587 2119 828 2166 adoptionem
848 2122 885 2157 ct

103 2167 280 2222 gratiam,
302 2167 445 2204 habens
467 2167 671 2204 humanam
693 2170 881 2211 naturam,

102 2225 178 2252 imo
201 2215 346 2251 habens
375 2214 411 2250 in
446 2225 486 2251 se
506 2225 592 2251 vere
611 2214 730 2261 illum,
753 2214 814 2261 qui
836 2215 882 2251 ab

104 2266 247 2299 aeterno
267 2261 336 2298 suit
358 2261 472 2298 Filius
489 2273 511 2298 a
528 2263 637 2298 Patre
661 2262 824 2309 genituS,
843 2261 882 2298 in

104 2309 316 2346 substantia
350 2309 502 2354 ‹lix·ina;
525 2321 593 2345 nec
623 2310 735 2346 debet
769 2309 883 2346 ctiam

101 2356 274 2402 intelligi,
307 2357 407 2403 quod
446 2356 493 2393 sit
525 2357 637 2394 homo
672 2357 735 2394 iile
770 2357 884 2394 Filius

101 2405 182 2448 Dei,
205 2415 272 2451 per
283 2404 565 2441 conversionem
583 2404 734 2441 deitatis
750 2404 787 2440 in
804 2416 881 2441 car-

102 2462 203 2496 nem,
225 2451 289 2487 scd
312 2451 423 2488 debet
456 2451 613 2497 intelligi
648 2463 716 2500 per
737 2463 883 2489 assum-

101 2500 268 2546 ptionem
288 2498 411 2535 carnis
430 2510 452 2535 a
475 2499 565 2535 Filio
586 2499 664 2536 Dei.
685 2502 882 2536 Hanecon-

100 2546 309 2582 elusionem
332 2547 461 2591 probat
485 2547 742 2593 multipliciter
763 2551 799 2584 ct
820 2548 881 2584 de-

99 2593 220 2636 ducit;
244 2598 279 2629 ct
317 2593 519 2630 intendens
549 2595 732 2631 rationem
766 2606 880 2632 unam

101 2644 137 2678 et
157 2641 308 2677 uui-um
331 2641 586 2688 syllogismum
614 2644 660 2679 ad
690 2653 772 2679 eam
795 2654 879 2690 pro-

101 2689 278 2733 bandam,
301 2688 353 2725 sic
385 2689 508 2737 arguit
534 2701 543 2725 ι
575 2691 692 2726 Homo
722 2691 782 2727 ille
815 2689 879 2737 qui

101 2739 159 2773 est
199 2747 285 2772 vere
321 2736 444 2773 media
480 2747 642 2784 persona
677 2737 882 2775 intrinseca

103 2784 140 2820 in
165 2783 366 2829 Trinit-itc;
391 2789 426 2820 et
457 2787 513 2821 est
540 2786 615 2822 Deo
649 2785 805 2832 aequalis
840 2785 876 2821 in

957 222 1183 259 auctoritate
1200 234 1209 268 3
1225 228 1262 258 et
1281 224 1338 259 est
1354 223 1430 259 Deo
1451 219 1609 267 {equalis
1627 218 1666 255 in
1687 218 1738 253 es-

958 270 1090 306 ficacia
1131 274 1167 306 et
1195 270 1441 314 salubritate,
1469 271 1641 321 respectu
1673 266 1737 301 ho-

957 317 1125 362 minum;
1155 322 1189 353 et
1211 321 1267 353 est
1298 319 1373 353 Deo
1407 317 1563 362 aeqtlalls
1590 314 1629 350 in
1650 313 1736 349 illa-

955 375 1025 448 psu
1046 368 1082 401 ct
1101 365 1372 409 immensitate;
1391 368 1427 400 et
1445 367 1503 399 est
1520 364 1595 399 Deo
1611 370 1737 407 aequa-

972 412 1003 448 is
1024 412 1060 448 in
1093 411 1206 448 modo
1234 412 1431 458 operandi,
1457 414 1494 447 ct
1520 408 1733 453 activitate;

957 463 994 496 et
1008 463 1064 496 cst
1086 460 1160 495 Deo
1177 458 1333 504 aequalis
1352 458 1389 494 in
1409 458 1614 495 reficiendo
1629 465 1735 492 men-

956 512 1047 545 tem.
1065 511 1104 543 et
1124 506 1162 542 in
1183 505 1308 542 cordis
1331 505 1511 542 societate
1531 508 1569 541 et
1589 503 1734 551 gratia;

957 557 994 591 et
1014 557 1070 591 est
1093 555 1169 590 Deo
1192 553 1349 599 aequalis
1376 553 1412 588 in
1442 552 1680 593 instruendo,
1701 553 1739 586 et

955 602 995 638 in
1011 611 1110 638 verae
1127 600 1309 637 doctrinae
1324 599 1493 636 claritate
1510 612 1519 644 ;
1542 603 1579 636 ct
1595 602 1648 635 est
1660 600 1736 634 Deo

956 648 1113 696 aequalis
1139 648 1339 685 duratione
1369 651 1405 684 ct
1438 647 1670 689 aeternitato;
1702 648 1739 681 et

956 701 1013 734 est
1031 697 1107 733 Deo
1129 695 1285 742 aequalis
1315 695 1353 731 in
1382 695 1525 731 honore
1547 698 1582 730 et
1605 692 1738 740 gloria,

955 755 999 781 ac
1016 743 1116 780 cultu
1132 754 1199 780 seu
1221 743 1341 780 latriae
1357 742 1415 778 vel
1436 739 1683 784 adorationis,
1703 743 1739 775 et

957 791 1158 838 dignitate3
1189 795 1226 827 et
1258 795 1315 827 est
1346 791 1423 826 Deo
1460 788 1630 834 aequalis,
1663 787 1738 822 imo

955 839 1055 875 idem
1086 849 1170 875 cum
1202 839 1313 874 Patre
1343 837 1380 873 in
1408 837 1573 873 essentia
1595 838 1632 871 et
1665 844 1740 870 ma-

953 887 1110 934 jestate3
1138 890 1175 923 et
1196 889 1251 922 est
1280 887 1356 921 Deo
1381 883 1540 930 aequalis
1564 883 1601 918 in
1624 883 1739 919 bene-

957 933 1122 970 volentia
1143 936 1187 970 ad
1203 932 1379 969 homines
1393 936 1429 968 et
1446 931 1585 978 pietate
1604 942 1612 974 ;
1634 935 1671 965 et
1688 933 1743 965 est

956 982 1033 1017 Dco
1056 981 1213 1027 {equalis
1236 982 1271 1016 in
1298 979 1465 1016 dominio
1487 982 1521 1015 et
1549 976 1656 1023 regni
1679 987 1740 1012 so-

956 1028 1174 1073 lemnitate;
1198 1031 1234 1063 ct
1254 1030 1310 1064 est
1327 1029 1403 1063 Deo
1420 1025 1577 1072 aequalis
1593 1025 1629 1060 in
1645 1024 1741 1059 ami-

957 1075 1045 1112 citia
1070 1079 1105 1111 et
1128 1075 1285 1111 caritate
1305 1086 1313 1118 ;
1342 1077 1378 1110 et
1399 1077 1456 1110 est
1480 1074 1555 1109 Deo
1583 1071 1740 1118 aequalis

956 1123 994 1159 in
1015 1122 1231 1159 insistentia
1252 1124 1384 1158 mutua
1405 1120 1440 1156 in
1458 1131 1495 1156 se
1513 1119 1691 1163 invicem,
1705 1120 1742 1154 et

956 1169 1181 1214 intimitate;
1198 1173 1235 1205 et
1249 1172 1303 1205 est
1324 1170 1400 1205 Deo
1417 1166 1576 1214 aequalis
1597 1167 1634 1202 in
1654 1175 1739 1201 con-

956 1217 1112 1254 ferenda
1132 1217 1255 1264 gratia
1275 1215 1507 1260 hominibus,
1523 1218 1559 1251 et
1575 1214 1739 1250 intluen-

957 1265 1005 1302 da
1022 1265 1247 1309 sanctitate;
1271 1267 1309 1301 et
1341 1266 1396 1300 est
1416 1264 1491 1300 Deo
1521 1260 1679 1308 aequalis
1700 1259 1739 1296 in

956 1311 1210 1358 beatitudine,
1230 1314 1266 1349 et
1278 1311 1319 1348 in
1333 1316 1477 1348 aeterna
1490 1309 1688 1351 felicitate,-
1703 1310 1739 1343 et

958 1366 1016 1397 est
1036 1362 1111 1397 Deo
1133 1359 1288 1406 aequalis
1305 1359 1343 1395 in
1363 1358 1603 1405 sapientia,et
1619 1355 1739 1408 scien-

957 1407 1019 1445 tiae
1047 1408 1327 1451 luminositate3
1350 1410 1388 1443 et
1408 1409 1463 1442 cst
1484 1406 1561 1442 Deo
1587 1402 1742 1450 aequalis

958 1455 997 1491 in
1024 1455 1208 1503 patientia
1228 1458 1265 1491 et
1290 1452 1579 1500 longanimitate
1597 1464 1606 1497 ;
1626 1456 1663 1488 et
1683 1452 1742 1503 est

960 1504 1061 1539 Patri
1088 1502 1256 1549 aequalis,
1285 1501 1323 1538 in
1345 1500 1589 1548 producendo
1617 1498 1742 1545 Spirl-

958 1555 1037 1587 tum
1067 1551 1242 1587 Sanctum
1265 1554 1301 1585 et
1322 1548 1540 1596 inspirativa
1561 1545 1742 1583 foecundi-

958 1601 1035 1634 tate
1055 1610 1062 1633 :
1083 1597 1145 1634 ille
1169 1597 1296 1643 utique
1310 1597 1424 1633 homo
1445 1600 1496 1632 est
1513 1605 1599 1631 vere
1627 1592 1742 1630 Filius

959 1645 1044 1690 Dei;
1067 1655 1154 1681 nam
1176 1644 1257 1690 ipse
1279 1645 1410 1680 decem
1430 1647 1467 1679 et
1484 1646 1627 1689 septem
1649 1651 1740 1677 con-

959 1691 1121 1728 ditiones
1153 1692 1404 1732 intermediae,
1432 1691 1594 1738 probant
1621 1690 1741 1736 ipsum

959 1751 1041 1776 esse
1056 1750 1186 1776 verum
1202 1739 1460 1786 Deum,prima
1471 1749 1558 1774 vero
1575 1735 1740 1773 conditio

958 1791 994 1824 et
1017 1787 1163 1831 ultima,
1192 1788 1396 1823 ostendunt.
1421 1786 1544 1833 ipsum
1568 1795 1648 1821 esse
1674 1793 1741 1819 ve-

958 1845 1042 1871 rum
1064 1836 1180 1871 Deum
1197 1835 1258 1880 qui
1279 1838 1335 1870 est
1350 1833 1450 1870 silius
1469 1832 1557 1876 Dei,
1577 1831 1665 1878 quia
1681 1831 1740 1866 hae

959 1882 1042 1919 duae
1074 1881 1324 1928 proprietates
1363 1883 1585 1925 competunt
1620 1878 1712 1914 Filio
1732 1889 1740 1922 ;

959 1930 1024 1966 sed
1046 1930 1158 1965 homo
1189 1929 1274 1973 iste,
1298 1928 1361 1975 qui
1389 1928 1510 1965 dictus
1533 1930 1587 1963 est
1617 1928 1742 1970 Jcsus,

959 1977 1092 2013 habuit
1130 1976 1364 2023 supradictas
1391 1977 1521 2012 decem
1550 1978 1586 2010 ct
1605 1983 1739 2010 novem

960 2023 1211 2069 conditiones,
1235 2027 1274 2059 ut
1295 2023 1495 2060 manisesta
1511 2021 1743 2069 experientia

958 2073 1145 2109 Joannem
1166 2074 1204 2107 et
1228 2070 1323 2108 alios
1341 2070 1544 2118 discipulos
1565 2069 1741 2113 edocuit,

960 2130 1050 2165 ergo
1072 2118 1152 2166 ipse
1173 2130 1262 2156 vere
1284 2122 1341 2156 est
1363 2118 1479 2155 Filius
1498 2117 1578 2154 Dei.
1603 2117 1744 2153 Probat

960 2177 1050 2213 ergo
1074 2168 1242 2204 Joannes
1272 2166 1359 2203 istas
1389 2166 1520 2202 decem
1544 2167 1581 2201 et
1605 2173 1742 2200 novem

959 2213 1199 2251 conditiones
1219 2213 1337 2251 fuisse
1358 2212 1396 2249 in
1417 2212 1582 2251 homine.
1605 2211 1667 2258 qui
1690 2211 1742 2248 di-

960 2265 1040 2298 ctus
1069 2266 1126 2298 est
1150 2263 1276 2307 Jesus,
1297 2261 1504 2298 secundum
1531 2260 1633 2307 quod
1661 2259 1738 2305 ipse

958 2320 1046 2346 vere
1070 2314 1243 2356 expertus
1269 2315 1339 2355 est,
1362 2312 1397 2345 et
1425 2307 1538 2345 ceteri
1563 2305 1738 2354 discipuli

958 2357 1021 2404 qui
1041 2357 1194 2393 suerunt
1211 2367 1295 2393 cum
1316 2368 1372 2393 eo.
1396 2355 1565 2392 Tandem
1585 2355 1737 2391 conclu-

958 2405 1102 2441 sionem
1137 2404 1274 2441 diffuse
1295 2404 1494 2451 probatam
1527 2402 1656 2448 inlert,
1679 2412 1737 2439 re-

958 2451 1115 2498 colligit,
1132 2457 1166 2488 et
1183 2451 1386 2497 concludit,
1400 2451 1528 2487 (lii-ens
1549 2462 1557 2486 ε
1576 2452 1659 2486 Haec
1676 2461 1738 2486 au-

959 2504 1028 2536 tem
1063 2502 1202 2545 scripta
1228 2503 1326 2541 sunt,
1351 2502 1392 2535 ut
1424 2503 1458 2535 et
1479 2508 1542 2534 vos
1566 2499 1738 2539 credatis,

958 2549 1045 2594 quia
1059 2549 1161 2582 Jcsus
1176 2550 1227 2583 est
1250 2548 1415 2583 Christus
1433 2547 1552 2583 Filius
1566 2547 1633 2581 Dei
1649 2547 1740 2587 vivi,

958 2600 994 2631 et
1016 2594 1123 2641 ponit
1154 2593 1373 2631 ulteriorem
1403 2594 1532 2638 finem,
1556 2593 1602 2629 ad
1625 2602 1737 2639 quem

958 2642 1156 2679 ordinatur
1194 2644 1265 2678 ista
1299 2642 1509 2686 conclusio,
1544 2641 1736 2677 subdens:

957 2692 1005 2727 Et
1030 2695 1069 2726 ut
1087 2690 1270 2726 credentes
1290 2691 1406 2726 vitam
1420 2689 1600 2730 habeatis,
1624 2690 1661 2722 in
1679 2697 1739 2723 no-

958 2739 1055 2773 mine
1075 2737 1167 2783 ejus.
1192 2737 1330 2774 Ultimo
1349 2748 1454 2782 vcro,
1476 2739 1668 2781 tamquam
1686 2738 1738 2770 ta-

960 2784 1074 2822 bellio
1089 2789 1126 2821 ct
1141 2784 1313 2822 notarius
1330 2784 1517 2831 publicus,
1532 2781 1738 2825 concludit,
