1924 3157
147 171 185 204 46
615 169 824 204 SECUNDA}
861 170 1017 205 PARTlS
1057 171 1191 204 CAPUT
1230 170 1285 203 LX

144 244 257 287 stare,
273 244 364 278 exiit
378 244 494 286 foras,
514 244 598 275 ante
619 241 771 282 atrium,
793 242 825 274 et
841 240 921 284 gal-

148 289 204 326 lus
225 291 432 326 cantat-it...
455 289 620 323 Eccezmte
640 290 759 322 autem
777 287 841 322 illo
857 287 922 331 Ja-

149 348 271 376 nuam.
288 337 382 371 sidit
404 346 482 371 eum
502 335 580 369 alia
601 335 757 376 ancilla3
780 338 813 370 et
834 333 921 369 dum

149 384 270 420 adhuc
298 382 386 419 soris
411 384 507 418 esset
527 381 627 416 cliaeit
648 382 704 416 his
734 383 798 426 qui
822 384 924 416 erant

150 431 203 465 ibi
224 442 263 466 se
285 428 571 466 calefacientes:
596 430 643 464 Et
664 429 723 464 hic
743 432 821 464 erat
844 439 923 464 cum

150 479 234 513 Jesu
260 479 462 513 Nazareno.
487 475 559 511 Sed
579 480 776 522 postquam
798 474 923 519 rediit,

151 525 248 570 quod
271 523 412 560 dictum
434 523 568 566 suerat,
585 533 682 559 unus
700 522 746 558 de
767 522 924 558 circum-

149 570 349 615 stantibus,
368 570 575 607 secundum
593 570 743 613 Lucam,
766 569 831 605 sed
850 569 926 615 plu-

151 629 211 654 res
237 618 282 654 de
307 617 374 663 eis,
412 618 620 654 secundum
656 618 855 660 Joannem,
892 615 926 651 ei

150 664 250 702 idem
269 665 455 702 dixerunt.
470 666 516 700 Ec
536 666 667 699 iterum
684 665 832 708 negavit
849 673 928 699 cum

146 712 355 758 juramento
376 724 384 748 z
407 713 501 755 Quia
532 722 602 747 non
622 712 708 746 novi
733 712 926 746 hominem.

150 761 243 797 Ecce
264 762 528 806 argumentum
549 758 649 804 quod
670 769 714 794 ex
735 768 809 794 uno
839 768 922 803 pec-

150 810 233 843 cato
255 808 367 843 homo
385 806 459 842 ruit
482 805 519 841 in
540 804 643 841 aliud
664 806 828 851 gravius.
852 805 925 840 Un-

154 854 199 891 de
218 855 417 891 Rabanus:
448 867 465 886 «
489 854 593 888 Mora
612 851 650 887 in
676 857 842 897 peccato,
866 851 931 886 dat

157 900 432 937 incrementum
446 900 642 935 scelerum.
654 899 788 935 »Unde
803 901 839 934 et
850 898 932 935 Gre-

156 951 281 993 9orius
299 961 310 984 .·
335 963 353 981 «
376 949 576 985 Peccatum
595 947 691 992 quod
713 944 935 992 poenitentia

156 1006 231 1032 non
251 995 375 1038 diluit,
390 1005 474 1030 mox
492 1005 557 1030 suo
579 993 745 1037 pondere
766 993 812 1029 ad
832 992 935 1029 aliud

156 1042 285 1079 trahit.
310 1056 328 1075 υ
345 1044 390 1078 Et
407 1041 545 1077 timens
563 1041 711 1083 Petrus,
726 1039 861 1076 iterum
880 1040 935 1075 so-

157 1100 219 1126 ras
240 1089 364 1126 exivit.
395 1091 442 1125 Et
473 1088 667 1124 intervallo
687 1089 800 1133 facto,
829 1088 937 1133 quasi

160 1138 255 1173 horae
284 1139 408 1181 unius,
439 1145 611 1171 reversus
631 1134 782 1179 iterum,
804 1146 822 1170 a
842 1134 936 1170 mul-

158 1183 220 1229 tis,
242 1183 452 1220 secundum
468 1183 685 1218 Matthaeum
703 1185 739 1218 et
754 1184 935 1222 Marcum,

161 1235 198 1268 et
224 1232 271 1268 ab
296 1241 386 1271 uno,
415 1230 621 1266 secundum
648 1228 755 1273 alios,
784 1229 847 1275 qui
873 1239 936 1264 co-

158 1283 296 1325 gnatus
311 1277 443 1314 Malchi
456 1280 550 1320 erat,
567 1276 825 1323 compellatur,
837 1278 937 1322 affir-

160 1327 284 1362 mabat
324 1324 423 1361 enim
445 1325 595 1370 quidam
618 1324 765 1359 dic-ens:
800 1326 889 1360 Vere
906 1326 938 1359 et

161 1374 218 1409 hic
235 1383 314 1408 cum
334 1373 398 1408 illo
415 1375 506 1415 erat,
528 1382 612 1406 nam
631 1375 664 1406 et
678 1371 851 1407 Gatilaeus
871 1374 935 1406 est.

159 1422 207 1456 Et
236 1422 289 1455 ait
312 1421 436 1454 Petrus
454 1429 598 1463 negans
623 1418 937 1464 cumjuramento

166 1471 203 1503 et
229 1465 477 1503 detestatione
500 1477 507 1500 :
541 1467 667 1509 Homo,
703 1467 821 1500 nescio
843 1465 939 1510 quod

162 1515 268 1550 dicis.
282 1516 329 1549 Et
343 1515 524 1556 continuo,
543 1513 662 1548 adhuc
679 1513 742 1547 illo
760 1513 938 1557 loquente,

163 1562 285 1606 gallus
305 1560 470 1597 secundo
503 1561 678 1595 cantavit.
708 1560 835 1595 Potest
858 1569 939 1595 esse

166 1609 266 1655 quod
284 1607 391 1644 multi
411 1606 693 1647 tumultuantes,
720 1605 772 1642 ibi
796 1609 939 1642 stantes

166 1657 277 1692 Petro
299 1656 368 1691 hoc
396 1654 584 1698 dixerunt,
610 1653 669 1693 vel
690 1664 788 1689 unus
806 1664 938 1690 eorum

166 1714 232 1750 pro
245 1702 433 1743 omnibus,
455 1704 492 1737 et
511 1700 616 1747 quasi
633 1700 672 1736 in
687 1711 849 1746 persona
862 1711 939 1736 om-

166 1749 272 1786 nium
304 1749 532 1794 expressius,
564 1751 600 1784 et
619 1757 743 1783 acrius
771 1747 862 1783 dixit
889 1747 937 1784 ei.

166 1798 211 1833 Et
230 1797 283 1832 sic
300 1796 416 1832 semel
433 1798 544 1841 negat
563 1800 650 1831 ante
672 1794 834 1840 primum
852 1794 941 1841 galli

167 1847 338 1887 cantum;
353 1842 825 1879 bisantesecunduni.Non
842 1842 941 1878 enim

167 1893 289 1928 solum
314 1893 427 1936 negat
438 1889 640 1933 Christum,
661 1888 723 1935 qui
748 1888 837 1925 dicit
857 1900 942 1926 eum

168 1949 244 1975 non
271 1948 352 1974 esse
378 1936 566 1973 Clu-istum
589 1948 597 1980 ;
638 1936 702 1972 sed
740 1936 852 1972 etiam
881 1936 943 1983 qui

169 1996 253 2022 cum
281 1985 341 2029 sit,
372 1989 484 2029 negat
510 1994 550 2019 se
585 1983 667 2029 ejus
704 1983 943 2030 discipulum,

168 2033 225 2069 vel
252 2032 479 2073 membrum,
501 2030 558 2066 vel
582 2030 645 2076 qui
671 2036 785 2076 negat
805 2042 844 2067 se
863 2042 946 2068 esse

171 2079 438 2117 Christianum.
470 2079 651 2114 Dominus
676 2080 773 2113 enim
796 2090 869 2114 non
895 2079 948 2115 ait

172 2128 282 2163 Petro
299 2138 307 2162 ε
324 2125 555 2171 Discipulum
577 2135 702 2161 meum
721 2128 756 2161 te
770 2126 945 2171 negabis;

175 2174 263 2210 sed:
286 2176 344 2210 Me
354 2173 518 2218 negabis.
535 2171 693 2218 Negavit
705 2183 795 2219 ergo
816 2174 947 2210 Petrus

174 2225 211 2258 et
232 2220 436 2265 Christum,
459 2230 542 2256 cum
565 2230 604 2255 se
626 2220 775 2266 negavit
794 2222 874 2267 eJus
895 2221 947 2257 di-

172 2268 369 2315 scipulum,
398 2273 435 2303 et
455 2266 526 2303 isto
547 2267 658 2302 modo
682 2278 719 2302 se
740 2267 851 2304 etiam
876 2279 948 2305 ne—

173 2319 273 2362 gavit
299 2314 565 2351 Christianum.
588 2313 657 2350 Ubi
691 2315 946 2360 Auyustinus:

175 2376 193 2397 «
215 2364 306 2399 Ecce
331 2361 465 2398 medici
487 2363 673 2407 completa
691 2366 748 2397 est
767 2363 947 2409 conditio,

176 2408 309 2457 aegroti
344 2408 515 2445 convicta
549 2412 606 2444 est
637 2416 895 2456 praesumptio.
930 2424 947 2445 »

172 2458 253 2494 Non
274 2455 373 2492 enim
401 2456 540 2491 factum
563 2456 663 2501 quod
688 2455 757 2492 iste
779 2458 947 2494 dixerat:

173 2504 348 2541 Animam
371 2513 493 2539 meam
522 2513 590 2548 pro
628 2507 664 2538 te
691 2513 827 2549 ponam
853 2516 860 2549 ;
885 2506 949 2542 sed

175 2553 314 2588 factum
337 2553 393 2586 est
413 2549 513 2595 quod
533 2549 596 2584 iile
617 2550 863 2595 praedixerat:
885 2555 951 2589 Ter

172 2610 227 2635 me
245 2598 408 2643 neqabz's.
431 2598 475 2632 Et
491 2602 669 2641 gravatur
684 2597 721 2632 in
746 2599 856 2635 Petro
878 2601 952 2636 cul·

175 2656 238 2693 pa,
252 2652 290 2681 et
305 2647 552 2690 exaggeratur
567 2645 725 2688 crimen,
744 2648 951 2683 secundum

173 2702 390 2741 processum
411 2689 669 2737 negationum,
689 2691 776 2737 quia
798 2704 805 2728 z
829 2693 951 2740 primo

175 2739 393 2787 simpliciter
414 2739 577 2784 negavit,
597 2739 763 2775 secundo
786 2742 951 2787 negatio-

174 2787 213 2825 ni
232 2786 438 2835 perJurium
456 2785 613 2830 addidit,
634 2786 699 2822 sed
721 2786 832 2824 tertio
851 2789 950 2836 adJ'e-

996 240 1045 275 cit
1058 238 1220 285 perjurio
1233 238 1534 282 detestationem,
1548 241 1581 273 et
1591 239 1695 283 coepit
1708 238 1765 273 tle-

997 289 1137 330 testari,
1149 286 1458 321 anathematizare
1474 289 1507 320 et
1519 286 1661 330 jurare,
1679 286 1769 330 quia

997 344 1066 370 non
1085 335 1242 369 novisset
1263 333 1452 374 hominem,
1476 331 1512 367 id
1533 335 1589 368 est
1609 330 1767 368 maledi-

998 391 1081 417 cere
1101 378 1256 426 sibiipsi.
1283 382 1319 415 et
1341 378 1595 415 maledictioni
1617 390 1657 415 se
1678 377 1771 415 obli·

999 439 1102 474 gare,
1124 427 1153 463 si
1177 425 1412 473 cognovisset
1430 427 1569 462 Jesum.
1607 426 1770 462 Anathe-

1000 474 1188 511 matizatio
1207 473 1308 510 enim
1321 472 1509 518 significat
1521 473 1769 519 jurationem,

1000 533 1082 567 quae
1109 527 1165 558 est
1199 532 1264 567 per
1284 520 1593 564 exsecrationem,
1621 524 1657 555 et
1687 530 1771 555 curn

1000 569 1268 616 imprecatione
1302 566 1590 611 maledictionis,
1630 565 1772 602 scilicet

1002 616 1150 663 quando
1163 614 1297 661 aliquis
1308 615 1535 661 imprecatur
1550 612 1774 658 sibimetipsi

1002 664 1141 700 malum
1161 673 1297 709 poeuae,
1323 666 1361 698 et
1391 661 1532 708 obligat
1553 672 1592 698 se
1618 659 1775 697 maledi-

1004 714 1076 755 cto,
1098 711 1127 746 si
1151 711 1202 746 ita
1235 711 1281 746 sit
1306 709 1399 745 sicut
1426 708 1629 755 imponitur
1648 707 1695 751 ei,
1718 706 1777 743 vel

1006 758 1072 794 nisi
1095 758 1186 793 illud
1206 757 1305 803 quod
1326 756 1429 800 dicit,
1451 758 1498 792 sit
1520 765 1666 792 verum.
1688 752 1777 799 Qui-

1005 805 1089 841 dam
1103 804 1229 841 dicunt
1243 807 1360 840 totam
1378 803 1516 840 trinam
1535 802 1777 848 negationem

1006 853 1140 888 factam
1169 854 1203 887 in
1230 850 1326 887 atrio
1348 852 1478 896 Annae,
1512 854 1549 886 et
1570 860 1653 896 quae
1677 849 1780 885 dicta

1008 903 1094 936 sunt
1112 899 1210 941 inde,
1222 900 1306 944 post
1322 897 1474 934 missum
1488 899 1618 934 Jesum
1636 896 1684 932 ad
1699 894 1783 932 Cai-

1007 947 1134 993 pham,
1150 944 1433 991 recapitulando
1449 944 1561 986 dicta,
1581 955 1589 988 ;
1611 942 1675 980 alii
1692 953 1781 979 vero

1009 994 1136 1030 dicunt
1157 994 1195 1028 in
1212 991 1307 1028 atrio
1329 991 1482 1038 Caiphae
1497 996 1615 1027 totam
1628 991 1780 1034 factam,

1009 1044 1045 1078 et
1080 1040 1287 1077 secundum
1310 1040 1382 1075 hoc
1401 1040 1566 1076 Joannes
1593 1037 1778 1084 anticipa-

1009 1088 1061 1124 vit
1086 1098 1268 1133 pmmam:
1300 1086 1365 1123 sed
1391 1085 1628 1123 communior
1656 1084 1782 1131 opinio

1011 1139 1081 1180 est,
1106 1135 1207 1181 quod
1230 1133 1328 1170 trina
1347 1133 1498 1180 negatio
1522 1132 1661 1178 incepit
1681 1132 1722 1168 in
1742 1142 1782 1168 a·

1010 1183 1083 1219 trio
1103 1185 1235 1226 Annae,
1257 1185 1294 1218 et
1329 1181 1514 1227 completa
1545 1183 1602 1217 est
1624 1181 1663 1216 in
1688 1178 1784 1215 atrio

1012 1230 1175 1275 Caipbze.
1190 1231 1233 1265 Et
1250 1229 1319 1265 hoc
1333 1228 1480 1264 videtur
1491 1231 1619 1274 patere
1631 1238 1675 1263 ex
1685 1228 1786 1263 textu

1012 1277 1183 1321 Joannis,
1206 1276 1366 1322 quicum
1391 1286 1467 1311 non
1491 1274 1603 1311 saciat
1622 1273 1783 1310 mentio-

1012 1335 1097 1361 nem
1119 1325 1164 1360 de
1186 1323 1341 1370 Caipha,
1359 1323 1425 1358 sed
1453 1322 1573 1358 solum
1594 1322 1640 1359 de
1661 1322 1783 1366 Anna,

1011 1373 1116 1419 ponit
1132 1371 1251 1417 primo
1270 1380 1382 1407 unam
1399 1370 1638 1416 negationem
1656 1380 1665 1413 ;
1684 1369 1788 1404 dein·

1012 1421 1058 1456 de
1079 1429 1122 1455 ea
1135 1429 1217 1464 quae
1226 1420 1352 1453 Annas
1365 1416 1612 1464 interrogavit
1624 1416 1670 1453 de
1682 1414 1786 1453 Chri-

1013 1470 1084 1511 sto,
1100 1472 1136 1502 et
1157 1465 1306 1501 tandem
1325 1463 1565 1510 prosequitur
1583 1463 1676 1500 alias
1692 1463 1785 1499 duas

1014 1512 1249 1560 negationes,
1266 1522 1351 1557 quae
1365 1511 1472 1547 fuctae
1487 1511 1641 1548 fuerunt
1654 1515 1786 1557 postea

1012 1561 1048 1598 in
1069 1560 1164 1597 atrio
1188 1559 1352 1606 Caiphae.
1375 1560 1416 1594 Et
1442 1557 1564 1605 potuit
1585 1569 1666 1594 esse
1685 1556 1786 1603 quod

1011 1611 1176 1646 Joannes
1195 1610 1293 1643 esset
1306 1609 1416 1642 notus
1438 1607 1584 1652 utrique
1599 1604 1785 1648 Pontifici,

1013 1660 1050 1692 et
1075 1654 1248 1691 similiter
1268 1652 1471 1689 introduxit
1495 1654 1647 1689 Petrum
1666 1652 1703 1688 in
1725 1651 1787 1688 do-

1014 1713 1115 1739 mum
1139 1701 1346 1747 utriusque,
1386 1705 1493 1745 prout
1515 1710 1628 1746 supra
1651 1700 1786 1746 patuit,

1014 1749 1077 1787 ubi
1097 1751 1224 1785 Annas
1244 1750 1371 1785 Jesum
1393 1747 1440 1783 ad
1465 1747 1644 1793 Caipham
1672 1745 1785 1782 misit.

1067 1800 1107 1833 18
1122 1799 1356 1833 RESPICIENTE
1371 1806 1441 1831 EUM
1459 1795 1628 1839 Cmusro,
1648 1795 1789 1830 Pmnus

1017 1856 1102 1881 FLET
1122 1856 1253 1880 Amr-E.
1276 1863 1321 1869 -
1341 1845 1389 1879 Et
1420 1841 1495 1886 hie,
1529 1842 1652 1888 cogita
1674 1840 1787 1878 etiam

1017 1892 1205 1939 quomodo
1215 1892 1389 1927 Dominus
1398 1889 1586 1935 benignus
1599 1890 1792 1936 Magister,

1018 1949 1207 1976 conversus
1219 1937 1396 1984 ajustitia
1409 1937 1457 1972 ad
1480 1935 1792 1979 misericordiam,

1018 1989 1181 2033 respeaett
1216 1984 1394 2021 divinitus
1426 1986 1572 2020 Petrum
1615 1983 1793 2019 dilectum

1020 2033 1256 2080 discipulum,
1279 2032 1318 2068 in
1351 2032 1464 2067 tertia
1495 2033 1589 2074 vice,
1623 2034 1795 2075 respectu

1022 2080 1274 2117 miserationis
1295 2083 1332 2115 et
1351 2078 1483 2126 gratiae
1502 2090 1510 2123 ;
1533 2078 1621 2124 quia
1642 2077 1795 2114 miscri-

1022 2129 1150 2165 cordia
1170 2130 1346 2174 provocat
1383 2126 1431 2162 ad
1462 2124 1736 2172 poenitentiam,
1760 2128 1798 2161 et

1023 2181 1080 2213 est
1099 2174 1314 2212 necessaria
1330 2174 1376 2210 ad
1389 2183 1486 2209 eam.
1502 2173 1704 2210 Conversio
1720 2172 1800 2219 qui-

1025 2225 1108 2259 dem
1130 2223 1201 2259 ista
1215 2228 1250 2258 et
1270 2225 1463 2268 respectus
1484 2219 1738 2265 fuitinterior‚
1760 2221 1798 2255 et

1025 2270 1241 2317 spiritualis,
1266 2280 1342 2305 non
1363 2269 1538 2312 exterior,
1563 2271 1599 2303 et
1616 2276 1795 2313 corpora-

1024 2319 1069 2354 lis
1087 2329 1095 2362 ;
1116 2317 1203 2364 quia
1218 2316 1401 2353 Dominus
1415 2319 1496 2351 erat
1511 2314 1613 2351 intus
1635 2314 1674 2350 in
1694 2312 1797 2351 audi-

1025 2367 1138 2409 torio,
1161 2370 1196 2401 et
1229 2363 1400 2410 superius
1426 2372 1510 2398 cum
1542 2361 1792 2409 principibuS,

1027 2413 1160 2449 Petrus
1186 2415 1311 2448 autem
1331 2409 1422 2446 soris
1442 2409 1481 2457 in
1502 2408 1614 2454 atrio,
1639 2413 1676 2445 et
1698 2407 1793 2444 infe-

1025 2460 1104 2497 rius
1123 2470 1207 2496 cum
1222 2457 1426 2494 ministris:
1450 2461 1486 2492 et
1504 2467 1597 2493 unus
1611 2455 1726 2493 alium
1744 2453 1797 2489 vi-

1027 2509 1116 2544 dere
1134 2517 1209 2543 non
1230 2508 1377 2551 poterat
1388 2504 1507 2540 oculis
1529 2502 1800 2550 corporalibuS.

1029 2555 1133 2591 Unde
1147 2554 1198 2590 ait
1215 2555 1282 2589 Leo
1302 2553 1425 2597 Papa:
1450 2552 1660 2587 «Dominus
1676 2553 1802 2585 autem

1026 2603 1148 2646 Jesus,
1171 2600 1232 2647 qui
1248 2599 1347 2635 intra
1369 2598 1580 2644 pontificale
1605 2596 1803 2633 concilium

1028 2659 1187 2695 corpore
1207 2647 1419 2691 tenebatur,
1439 2644 1728 2692 trepidationem
1749 2642 1802 2679 di-

1028 2695 1162 2740 scipuli
1181 2695 1272 2732 soris
1294 2695 1403 2739 positi
1421 2693 1500 2730 solo
1519 2691 1644 2728 divino
1665 2690 1802 2727 intuitu

1029 2744 1137 2789 vidit,
1165 2742 1411 2797 paventisque
1440 2739 1607 2778 animum
1634 2749 1733 2783 mox,
1761 2739 1803 2773 ut

1030 2793 1205 2838 respexit,
1224 2789 1354 2833 erexit,
1375 2791 1411 2825 et
1431 2787 1471 2825 in
1493 2788 1622 2828 fletum
1639 2786 1805 2834 poenitu-
