1872 3147
111 181 131 215 8
552 176 754 211 SECUNDAE
791 176 948 211 PARTIS
987 176 1117 210 CAPUT
1155 173 1270 208 Lvtlt

116 249 179 285 tiae
210 258 355 284 summa
387 245 621 292 exprimitur,
647 249 683 281 et
702 256 801 282 verae
820 256 888 292 pa-

116 295 258 333 tientiae
279 294 460 341 perfectio
477 292 666 339 experitur
687 293 888 339 :primum‚

117 346 174 380 est
195 352 321 378 rerum
339 339 479 377 ablatio
495 345 532 376 et
553 339 708 376 nudatio
726 351 734 384 3
757 350 890 376 secun-

117 391 223 432 dum,
248 390 484 433 contemptus
503 390 539 422 et
558 387 704 432 irrisi03
722 387 888 431 tertium,

116 446 231 484 poena
252 440 289 471 et
306 433 512 480 corporalis
526 433 696 478 afflictio,
716 444 799 479 quae
815 445 889 470 om-

117 483 182 519 nia
218 482 254 517 in
293 482 440 517 Christo
474 481 633 517 Domino
668 481 821 517 fuerunt
851 480 889 516 in

119 539 279 565 summo.
298 528 464 564 Nudatus
479 533 536 563 est
549 539 571 564 a
591 527 888 571 crucifix·›ribus,

118 576 171 612 ita
192 579 232 611 ut
260 585 328 610 nec
354 574 549 611 femoralia
574 574 613 610 in
647 585 690 610 eo
714 585 888 610 remane-

118 628 216 665 rent,
241 621 341 667 quod
375 621 467 657 nulli
502 632 678 668 umquam
699 621 890 657 latronum

118 670 258 706 sactum
280 668 391 705 fuisse
414 668 584 714 legimus,
609 673 646 704 et
678 667 891 714 panniculis

121 728 144 753 a
162 719 226 763 pia
249 717 365 752 Matre
401 726 468 752 sua
489 726 563 751 non
583 715 791 762 incongrue
810 725 891 750 cre-

120 764 221 800 ditur
244 763 444 799 involutus.
466 763 611 798 Nudam
629 773 717 809 ergo
744 773 890 798 crucem

119 810 174 847 ita
194 811 316 846 nudus
351 810 533 854 ascendit,
553 814 593 845 ut
624 811 654 844 si
680 820 747 856 per
775 809 892 854 sepul-

122 858 253 894 chrum
269 857 369 892 illius
389 861 529 892 terram
549 860 708 892 matrem
725 856 892 892 omnium

122 914 322 950 corporum
353 903 510 939 velimus
543 903 768 948 intelligere,
793 906 894 938 recte

120 950 239 998 possit
271 950 305 986 ei
337 953 373 985 et
408 951 454 986 ad
483 950 661 991 litteram,
691 948 893 986 convenire

122 998 223 1044 quod
243 1000 393 1033 sanctus
419 998 488 1033 Job
515 996 567 1032 ait
587 1010 597 1032 .·
619 997 749 1034 Nudus
773 1007 892 1040 eqres-

120 1056 182 1081 sus
206 1055 287 1080 sum
309 1045 352 1079 cle
370 1047 469 1079 utero
492 1045 623 1079 matris
646 1054 742 1082 meae,
766 1048 799 1079 et
825 1055 892 1078 nu-

121 1093 190 1128 dus
210 1095 373 1127 revertar
393 1092 495 1127 illuc.
523 1091 627 1126 Unde
645 1091 861 1126 Ambrosius
882 1103 891 1125 :

126 1154 141 1172 a
167 1140 297 1174 Restat
329 1137 447 1181 igitur
475 1137 719 1174 considerare
745 1147 893 1173 crucem

121 1185 301 1222 Dominus
322 1185 440 1231 qualis
461 1185 649 1221 ascendat.
673 1185 819 1221 Nudum
841 1183 894 1219 vi-

125 1233 210 1269 deo.
233 1232 332 1269 Talis
364 1243 452 1278 ergo
486 1233 679 1276 ascendat,
701 1232 763 1277 qui
793 1242 895 1267 secu-

125 1280 203 1317 lum
229 1279 380 1316 vincere
414 1282 559 1325 pensat,
582 1283 622 1314 ut
648 1279 762 1315 seculi
793 1279 895 1322 adju-

124 1330 254 1363 menta
278 1338 353 1362 non
376 1330 530 1372 quaerat.
554 1325 682 1362 Victus
702 1330 759 1362 est
777 1326 894 1362 Adam

127 1374 192 1420 qui
212 1373 436 1410 vestimenta
450 1373 635 1419 quaesivit,
654 1373 742 1408 vicit
758 1373 820 1408 ille
831 1371 895 1417 qui

127 1424 345 1466 tegumenta
360 1420 543 1466 deposuit.
556 1421 599 1455 Et
615 1420 701 1455 talis
712 1420 893 1463 ascendit,

127 1468 258 1514 quales
277 1478 359 1511 nos,
383 1471 534 1503 auctore
558 1468 646 1510 Deo,
669 1472 804 1502 natura
824 1467 895 1502 for-

127 1515 255 1550 mavit.
279 1514 379 1550 Talis
415 1514 454 1549 in
487 1513 658 1560 paradiso
680 1515 792 1549 homo
818 1514 895 1559 pri-

128 1573 209 1598 mus
232 1561 481 1604 habitaverat,
502 1561 588 1596 talis
608 1562 655 1596 ad
680 1561 896 1607 paradisum

126 1609 240 1645 homo
262 1609 445 1644 secundus
464 1607 620 1644 intravit
642 1619 649 1643 :
673 1622 691 1640 »
710 1609 790 1643 haec
809 1609 897 1643 Am-

129 1657 282 1691 brosius.
304 1677 344 1683 —-
369 1655 441 1692 Sed
461 1654 546 1701 quis
567 1665 722 1691 narrare
739 1654 901 1690 sufficiat

128 1703 255 1748 qualia
276 1705 312 1738 et
347 1706 483 1748 quanta
508 1701 686 1743 ludibria,
717 1700 837 1748 qualis
866 1703 902 1736 et

129 1753 338 1796 quantus,a
352 1748 489 1795 quibus
502 1752 539 1785 et
553 1759 574 1784 a
588 1748 759 1794 qualibus
772 1758 902 1795 passus

129 1797 203 1833 sit?
222 1798 308 1833 Haec
322 1797 422 1833 enim
438 1800 473 1831 et
494 1807 515 1832 a
533 1800 639 1842 parte
657 1795 849 1841 patientis,
867 1798 904 1830 et

131 1855 152 1880 a
171 1848 279 1890 parte
311 1843 523 1887 inferentis,
548 1849 585 1879 et
613 1853 634 1878 a
651 1847 758 1888 parte
779 1842 901 1878 illato-

128 1901 211 1927 rum
227 1890 422 1937 pensanda
433 1895 532 1934 sunt,
549 1901 617 1925 nec
637 1892 766 1933 aliter·⁷
784 1893 821 1925 et
835 1888 904 1925 uti-

133 1948 236 1982 nam,
256 1937 314 1974 vel
336 1937 388 1973 sic
408 1936 521 1983 digne
550 1937 699 1982 pensari
728 1936 900 1983 possint!

72 1998 74 2000 ’
129 1985 222 2021 Vide
244 1984 370 2030 qualia
406 1995 539 2030 passus
558 1988 624 2020 est.
649 1983 794 2020 Etenim
820 1993 904 2019 cum

130 2031 266 2078 gladiis
287 2036 323 2067 et
343 2031 505 2067 fustibus
523 2035 715 2076 tamquam
729 2031 776 2066 ad
795 2032 905 2066 latro-

130 2089 217 2116 nem
238 2078 411 2114 exierunt
427 2078 755 2124 comprehendere
791 2088 876 2113 eum
894 2088 902 2121 ;

130 2125 291 2162 traditus
311 2130 380 2170 est,
409 2130 554 2170 captus,
576 2125 726 2169 ligatus,
746 2124 903 2169 velatus,

133 2176 352 2218 consputus,
370 2172 488 2218 alapis
506 2176 543 2208 et
567 2172 734 2218 colaphis
769 2182 902 2215 caesus,

130 2224 351 2265 accusatus,
374 2220 413 2255 in
435 2223 536 2255 veste
559 2220 645 2256 alba
675 2219 820 2263 illusus,
844 2220 907 2254 ssa-

130 2267 302 2312 gellatus,
324 2277 488 2313 purpura
514 2268 552 2302 in
583 2265 906 2313 opprobriumin—

133 2315 258 2357 dutus,
272 2313 389 2359 spinis
404 2319 619 2357 coronatus,
637 2313 820 2349 arundine
836 2323 904 2359 pro

130 2364 278 2406 sceptro
307 2359 529 2405 insignitus,
550 2364 587 2396 et
606 2360 728 2406 capite
751 2370 905 2404 percus-

132 2418 208 2451 sus,
231 2407 414 2443 derisorie
446 2407 625 2443 adoratus
646 2411 682 2443 et
703 2407 901 2451 salutatus,

130 2464 173 2490 ac
200 2453 327 2489 multis
351 2453 434 2490 aliis
455 2453 694 2490 illusionibus
714 2458 749 2489 et
771 2457 904 2489 contu-

130 2500 253 2536 meliis
279 2500 449 2543 affectus,
472 2504 507 2535 et
534 2500 687 2536 demum
715 2500 816 2537 cruci
848 2505 905 2536 est

130 2547 278 2584 affixus.
310 2548 364 2582 Ad
393 2547 727 2583 consummandam
768 2547 904 2593 quippe

127 2593 292 2631 hominis
335 2593 602 2637 humilitatem,
648 2593 826 2630 universa
864 2594 904 2630 in

129 2652 217 2678 eum
237 2640 552 2677 contumeliarum
576 2651 719 2686 genera
745 2652 903 2677 exerce-

127 2689 278 2726 bantur.
308 2688 380 2724 Sed
407 2687 490 2734 quis
522 2687 624 2723 novit
654 2692 793 2733 quanta
816 2698 901 2734 pas-

130 2746 195 2772 sus
207 2735 290 2771 est?
304 2734 497 2771 Credimus
509 2734 609 2771 enim
624 2739 774 2770 sanctos
786 2737 903 2770 Exan-

131 2782 286 2827 gelistas
311 2781 507 2817 brevitatis
538 2792 652 2817 causa
687 2782 901 2818 irrisionum

964 248 1107 282 tantum
1120 242 1279 290 species,
1301 252 1376 277 non
1395 241 1508 278 etiam
1533 251 1736 278 numerum

966 290 1206 338 expressisse.
1217 290 1306 332 Quis
1321 288 1420 324 enim
1434 288 1543 332 scire,
1557 288 1640 334 quis
1652 298 1737 324 nar-

965 349 1050 375 rare
1070 337 1275 380 sufficeret,
1290 338 1382 382 quot
1396 338 1432 371 et
1447 335 1594 381 quoties
1606 335 1645 370 in
1658 339 1741 370 tan-

965 389 1003 422 ta
1034 383 1288 423 multitudine,
1328 392 1411 428 quae
1448 386 1536 418 tunc
1560 382 1611 418 ibi
1645 384 1738 425 erat,

967 443 1050 469 eum
1068 430 1289 468 irriserunt?
1303 431 1344 465 In
1359 432 1607 474 augmentum
1621 428 1737 464 etiam

967 478 1151 515 irrisionis
1172 483 1209 514 et
1229 476 1479 518 verecundiae,
1507 474 1739 511 confusionis

968 532 1004 563 et
1024 525 1244 571 ignominiae
1265 522 1421 564 accedit,
1447 522 1508 558 ubi
1530 525 1567 558 et
1587 522 1738 568 quando

968 583 1101 619 passus
1119 577 1188 608 est.
1211 570 1279 607 Ubi
1296 572 1312 606 ‘t
1328 569 1462 616 Utique
1483 568 1583 604 inter
1604 578 1740 614 cogna-

968 625 1039 663 tos,
1065 623 1101 656 et
1128 623 1251 662 notos,
1278 617 1317 653 in
1338 616 1560 659 Jerusalem,
1587 615 1625 651 in
1649 614 1740 651 civi-

968 671 1044 703 tate
1066 666 1183 712 regia,
1201 666 1345 701 famosa
1364 670 1401 700 et
1417 663 1615 709 populosa,
1638 665 1743 698 extra

968 717 1131 761 portam,
1154 713 1192 748 in
1209 712 1290 748 loco
1317 710 1523 758 punitionis
1542 709 1742 746 scelerato-

969 772 1068 805 rum,
1091 760 1232 796 scilicet
1250 761 1287 794 in
1306 759 1387 795 loco
1409 756 1587 795 Calvariae
1612 755 1742 792 foetido

970 812 1006 844 et
1026 807 1234 851 immundo,
1248 805 1311 842 ubi
1333 805 1602 842 occidebantur
1620 802 1742 839 homi-

971 855 1062 891 cidae
1095 857 1132 890 et
1157 854 1334 889 latrones.
1358 853 1457 888 Ubi?
1484 853 1524 887 In
1548 850 1670 886 medio
1690 849 1744 885 la-

972 906 1139 945 tronum,
1168 900 1206 936 in
1245 910 1353 936 cruce
1382 897 1486 943 quasi
1522 897 1569 934 ad
1598 900 1746 943 specta-

972 949 1097 985 culum
1127 947 1357 985 elevabatur,
1390 945 1566 981 flentibus
1596 943 1743 986 amicis,

971 999 1008 1031 et
1040 993 1310 1031 insultantibus
1349 992 1524 1028 inimicis.
1564 991 1745 1035 Quando?

972 1045 1011 1078 ln
1038 1044 1226 1089 praecipua
1250 1039 1487 1076 solemnitate
1512 1039 1744 1080 Judaeorum‚

971 1091 1018 1126 ad
1046 1100 1157 1135 quarn
1178 1092 1332 1134 propter
1347 1088 1597 1123 reverentiam
1618 1084 1748 1131 templi

972 1141 1008 1173 et
1028 1135 1358 1183 pulchritudinem,
1378 1138 1414 1170 et
1441 1137 1593 1179 propter
1614 1131 1749 1168 festivi-

971 1187 1085 1219 tatem
1120 1183 1239 1229 ipsam
1271 1180 1485 1218 conssuebat
1515 1190 1590 1216 non
1626 1179 1747 1214 sulum

971 1241 1015 1267 ex
1037 1230 1181 1274 Judaea,
1211 1239 1343 1265 verum
1377 1227 1491 1264 etiam
1517 1237 1559 1263 ex
1589 1225 1748 1262 diversis

972 1277 1146 1314 Gentium
1187 1276 1417 1318 nationibus,
1455 1273 1616 1310 maxima
1652 1272 1747 1309 mul-

971 1325 1107 1368 titudo,
1132 1328 1169 1360 et
1198 1334 1281 1369 quae
1322 1322 1482 1358 maxime
1509 1321 1574 1357 illa
1608 1320 1668 1356 die
1699 1319 1748 1355 ad

971 1375 1121 1408 tantum
1161 1370 1414 1415 spectaculum
1459 1368 1708 1406 concurrebat
1739 1378 1748 1410 ;

973 1429 1098 1454 coram
1125 1418 1261 1464 quibus
1281 1418 1463 1453 Dominus
1482 1420 1613 1452 noster
1647 1413 1748 1450 ludi-

972 1465 1053 1502 brio
1076 1465 1279 1511 expositus,
1298 1464 1473 1500 omnibus
1491 1461 1749 1507 spectaculum

972 1513 1090 1548 factus
1105 1516 1172 1548 est.
1197 1532 1234 1537 -
1251 1511 1321 1547 Sed
1337 1511 1382 1547 de
1397 1510 1598 1546 afflictione
1617 1518 1748 1554 corpo-

972 1559 1041 1595 rali
1059 1587 1068 1603 ‚
1090 1558 1178 1604 quid
1200 1557 1335 1594 dicturi
1357 1557 1509 1594 sumus?
1529 1557 1622 1593 Caro
1647 1554 1748 1591 enim

974 1607 1110 1643 Christi
1128 1605 1343 1642 beatissima
1358 1609 1468 1651 atque
1486 1601 1749 1645 mundissima,

976 1657 1114 1700 quanto
1134 1658 1269 1688 natura
1284 1654 1572 1698 purior‚quanto
1587 1651 1634 1686 ab
1647 1648 1749 1685 omni

978 1702 1058 1736 labe
1074 1699 1218 1746 peccati
1242 1698 1425 1735 sincerior
1447 1698 1530 1737 fuit.
1553 1700 1657 1733 tanto
1684 1695 1752 1732 uti-

978 1758 1050 1793 que
1072 1745 1286 1793 passibilior
1311 1745 1452 1782 exstitit
1475 1745 1523 1781 ad
1544 1746 1746 1780 tormenta.

979 1795 1081 1831 Unde
1102 1795 1139 1829 in
1167 1804 1328 1840 persona
1353 1792 1469 1839 ipsius
1495 1791 1679 1829 Jeremius
1700 1791 1749 1826 la·
1779 1789 1785 1829 ἶ

980 1842 1230 1884 mentabatur‚
1247 1840 1376 1876 dicens
1393 1852 1401 1876 z
1421 1841 1448 1876 O
1460 1851 1521 1876 vos
1536 1849 1668 1882 omnes,
1686 1839 1751 1883 qui

980 1891 1148 1924 transitis
1166 1890 1356 1934 perviam,
1373 1888 1552 1923 attendite
1567 1891 1600 1921 et
1616 1886 1748 1928 videte,

978 1938 1011 1971 32·
1033 1939 1085 1971 est
1103 1936 1217 1973 dolor.
1243 1937 1338 1971 sicut
1363 1935 1468 1970 dolor
1491 1935 1610 1969 meus!
1636 1931 1751 1976 Quasi

979 1982 1121 2018 diceret
1147 1993 1155 2017 t
1185 1984 1277 2018 Non.
1312 1981 1488 2025 Quamvis
1516 1980 1618 2017 enim
1643 1978 1750 2016 multi

979 2032 1159 2076 Martyres
1181 2029 1299 2065 multa
1322 2033 1359 2064 et
1383 2039 1521 2076 magna
1541 2030 1749 2064 tormento-

982 2087 1063 2112 rum
1084 2078 1181 2123 passi
1204 2079 1291 2112 suut
1309 2087 1464 2122 genera,
1487 2075 1609 2112 nullus
1624 2078 1750 2110 tamen

980 2125 1015 2159 in
1032 2134 1144 2159 carue
1159 2134 1202 2159 ex
1216 2127 1368 2170 peccato
1382 2126 1652 2169 corrupta‚tam
1665 2131 1751 2157 sen-

979 2170 1098 2207 sibilis
1120 2181 1201 2206 esse
1223 2170 1345 2216 potuit
1358 2172 1405 2206 ad
1420 2174 1633 2213 tormenta;
1657 2167 1750 2214 quin

979 2217 1107 2262 etiam,
1124 2217 1300 2262 cumipse
1313 2219 1494 2263 Martyres
1510 2216 1647 2252 suosin
1665 2225 1753 2261 pas-

980 2265 1149 2301 sionibus
1177 2275 1253 2300 non
1276 2265 1398 2301 solum
1421 2262 1669 2306 roboraverit,
1695 2272 1753 2298 vc-

979 2323 1062 2348 ruin
1084 2313 1195 2348 etiam
1220 2311 1342 2356 ipsum
1361 2311 1531 2347 dolorem
1558 2310 1752 2356 mitigave-

979 2361 1041 2403 rit,
1067 2363 1133 2395 aut
1155 2362 1255 2395 certe
1282 2358 1320 2394 in
1339 2357 1578 2404 refrigerium
1597 2361 1634 2393 et
1654 2357 1754 2393 oble-

979 2410 1211 2442 ctamentum
1238 2405 1459 2451 frequenter
1492 2403 1690 2441 convertit.
1711 2405 1755 2440 Et

979 2453 1150 2499 quamvis
1170 2453 1250 2488 haec
1276 2452 1504 2498 Martyribus
1540 2453 1618 2488 suis
1651 2450 1755 2487 Chri-

978 2504 1057 2536 stus
1077 2511 1120 2536 ex
1141 2499 1305 2545 potentia
1323 2499 1527 2536 divinitatis
1548 2497 1754 2535 contulerit

979 2546 1176 2586 beneficia,
1195 2548 1256 2593 pie
1277 2550 1403 2582 tamen
1425 2546 1626 2585 credimus.
1649 2548 1687 2581 et
1707 2544 1752 2580 fi-

978 2593 1174 2630 ducialiter
1192 2593 1430 2637 confitemur,
1453 2604 1552 2638 eum,
1568 2603 1643 2628 non
1664 2590 1750 2635 sibi,

977 2641 1047 2677 hoc
1076 2645 1132 2677 est
1159 2651 1235 2676 suae
1271 2640 1495 2677 humanitati
1523 2637 1772 2677 beneficium'

976 2688 1046 2723 hoc
1083 2687 1326 2734 praestitisse;
1366 2690 1432 2724 sed
1468 2687 1506 2723 in
1536 2697 1650 2723 carne
1685 2685 1750 2721 illa

975 2734 1235 2776 mundissima,
1259 2741 1441 2781 quantum
1472 2734 1642 2770 dolorem
1675 2743 1749 2769 na-

974 2781 1149 2819 turaliter
1165 2782 1352 2819 sustinere
1364 2781 1498 2828 potuit,
1520 2783 1667 2817 tantum
1685 2791 1749 2815 us-
