<?xml version="1.0" encoding="UTF-8"?>
<!DOCTYPE html PUBLIC "-//W3C//DTD XHTML 1.0 Transitional//EN"
    "http://www.w3.org/TR/xhtml1/DTD/xhtml1-transitional.dtd">
<html xmlns="http://www.w3.org/1999/xhtml" xml:lang="en" lang="en">
 <head>
  <title>
</title>
<meta http-equiv="Content-Type" content="text/html;charset=utf-8" />
  <meta name='ocr-system' content='tesseract 3.04.00' />
  <meta name='ocr-capabilities' content='ocr_page ocr_carea ocr_par ocr_line ocrx_word'/>
</head>
<body>
  <div class='ocr_page' id='page_1' title='image "./vitajesuchristie04ludouoft/vitajesuchristie04ludouoft_0321.png"; bbox 0 0 1924 3157; ppageno 0'>
   <div class='ocr_carea' id='block_1_1' title="bbox 457 160 1750 197">
    <p class='ocr_par' dir='ltr' id='par_1_1' title="bbox 457 160 1750 197">
     <span class='ocr_line' id='line_1_1' title="bbox 457 160 1750 197; baseline 0 -3"><span class='ocrx_word' id='word_1_1' title='bbox 457 160 706 196; x_wconf 81' lang='lat' dir='ltr'>CONCLUSIO</span> <span class='ocrx_word' id='word_1_2' title='bbox 743 161 864 197; x_wconf 86' lang='lat' dir='ltr'>LIBRI</span> <span class='ocrx_word' id='word_1_3' title='bbox 905 162 957 196; x_wconf 91' lang='lat' dir='ltr'>ET</span> <span class='ocrx_word' id='word_1_4' title='bbox 995 162 1202 196; x_wconf 75' lang='lat' dir='ltr'>SIGNATIO</span> <span class='ocrx_word' id='word_1_5' title='bbox 1240 163 1362 196; x_wconf 73' lang='lat' dir='ltr'>Esus.</span> <span class='ocrx_word' id='word_1_6' title='bbox 1691 160 1750 194; x_wconf 78' lang='lat'>313</span> 
     </span>
    </p>
   </div>
   <div class='ocr_carea' id='block_1_2' title="bbox 95 231 887 2840">
    <p class='ocr_par' dir='ltr' id='par_1_2' title="bbox 95 231 887 2840">
     <span class='ocr_line' id='line_1_2' title="bbox 147 231 884 276; baseline 0 -8"><span class='ocrx_word' id='word_1_7' title='bbox 147 235 168 276; x_wconf 74' lang='grc'>4</span> <span class='ocrx_word' id='word_1_8' title='bbox 188 233 314 268; x_wconf 76' lang='lat' dir='ltr'>Nom-:N</span> <span class='ocrx_word' id='word_1_9' title='bbox 333 231 464 267; x_wconf 68' lang='lat' dir='ltr'>Donum</span> <span class='ocrx_word' id='word_1_10' title='bbox 478 231 584 267; x_wconf 71' lang='lat' dir='ltr'>Jnsus</span> <span class='ocrx_word' id='word_1_11' title='bbox 599 243 690 268; x_wconf 72' lang='lat' dir='ltr'>omo</span> <span class='ocrx_word' id='word_1_12' title='bbox 707 242 884 268; x_wconf 67' lang='lat' dir='ltr'>commm-</span> 
     </span>
     <span class='ocr_line' id='line_1_3' title="bbox 99 278 885 322; baseline 0.001 -7"><span class='ocrx_word' id='word_1_13' title='bbox 99 291 184 316; x_wconf 75' lang='lat' dir='ltr'>Tuu.</span> <span class='ocrx_word' id='word_1_14' title='bbox 208 299 252 305; x_wconf 91' lang='lat'>——</span> <span class='ocrx_word' id='word_1_15' title='bbox 279 280 324 314; x_wconf 87' lang='lat' dir='ltr'>Et</span> <span class='ocrx_word' id='word_1_16' title='bbox 349 282 392 315; x_wconf 88' lang='lat' dir='ltr'>ut</span> <span class='ocrx_word' id='word_1_17' title='bbox 417 278 537 322; x_wconf 79' lang='lat' dir='ltr'>magis</span> <span class='ocrx_word' id='word_1_18' title='bbox 572 279 619 315; x_wconf 87' lang='lat' dir='ltr'>ad</span> <span class='ocrx_word' id='word_1_19' title='bbox 646 280 726 315; x_wconf 82' lang='lat' dir='ltr'>liaec</span> <span class='ocrx_word' id='word_1_20' title='bbox 757 279 885 316; x_wconf 87' lang='lat' dir='ltr'>omnia</span> 
     </span>
     <span class='ocr_line' id='line_1_4' title="bbox 99 325 883 380; baseline 0 -18"><span class='ocrx_word' id='word_1_21' title='bbox 99 325 331 380; x_wconf 80' lang='lat' dir='ltr'>provoceris,</span> <span class='ocrx_word' id='word_1_22' title='bbox 353 329 390 362; x_wconf 88' lang='lat' dir='ltr'>et</span> <span class='ocrx_word' id='word_1_23' title='bbox 410 331 449 361; x_wconf 90' lang='lat' dir='ltr'>ut</span> <span class='ocrx_word' id='word_1_24' title='bbox 470 325 529 362; x_wconf 88' lang='lat' dir='ltr'>bic</span> <span class='ocrx_word' id='word_1_25' title='bbox 550 325 645 362; x_wconf 86' lang='lat' dir='ltr'>liber</span> <span class='ocrx_word' id='word_1_26' title='bbox 672 328 708 362; x_wconf 86' lang='lat' dir='ltr'>in</span> <span class='ocrx_word' id='word_1_27' title='bbox 730 328 883 363; x_wconf 87' lang='lat' dir='ltr'>nomine</span> 
     </span>
     <span class='ocr_line' id='line_1_5' title="bbox 97 371 882 420; baseline -0.001 -10"><span class='ocrx_word' id='word_1_28' title='bbox 97 373 216 420; x_wconf 79' lang='lat' dir='ltr'>ipsius</span> <span class='ocrx_word' id='word_1_29' title='bbox 237 371 386 410; x_wconf 74' lang='lat' dir='ltr'>Domini</span> <span class='ocrx_word' id='word_1_30' title='bbox 410 374 512 417; x_wconf 87' lang='lat' dir='ltr'>Jesu,</span> <span class='ocrx_word' id='word_1_31' title='bbox 536 373 600 419; x_wconf 89' lang='lat' dir='ltr'>qui</span> <span class='ocrx_word' id='word_1_32' title='bbox 622 377 678 409; x_wconf 88' lang='lat' dir='ltr'>est</span> <span class='ocrx_word' id='word_1_33' title='bbox 704 373 801 410; x_wconf 85' lang='lat' dir='ltr'>liber</span> <span class='ocrx_word' id='word_1_34' title='bbox 830 373 882 410; x_wconf 89' lang='lat' dir='ltr'>si-</span> 
     </span>
     <span class='ocr_line' id='line_1_6' title="bbox 96 420 880 467; baseline 0 -10"><span class='ocrx_word' id='word_1_35' title='bbox 96 425 246 467; x_wconf 85' lang='lat' dir='ltr'>gnatus,</span> <span class='ocrx_word' id='word_1_36' title='bbox 270 420 517 457; x_wconf 73' lang='lat' dir='ltr'>concludatur</span> <span class='ocrx_word' id='word_1_37' title='bbox 537 423 573 457; x_wconf 87' lang='lat' dir='ltr'>et</span> <span class='ocrx_word' id='word_1_38' title='bbox 591 420 775 465; x_wconf 74' lang='lat' dir='ltr'>signetur,</span> <span class='ocrx_word' id='word_1_39' title='bbox 797 421 880 457; x_wconf 92' lang='lat' dir='ltr'>dili-</span> 
     </span>
     <span class='ocr_line' id='line_1_7' title="bbox 96 467 880 515; baseline 0 -11"><span class='ocrx_word' id='word_1_40' title='bbox 96 473 230 515; x_wconf 85' lang='lat' dir='ltr'>genter</span> <span class='ocrx_word' id='word_1_41' title='bbox 253 467 406 504; x_wconf 79' lang='lat' dir='ltr'><strong>attende</strong></span> <span class='ocrx_word' id='word_1_42' title='bbox 433 467 533 514; x_wconf 90' lang='lat' dir='ltr'>quod</span> <span class='ocrx_word' id='word_1_43' title='bbox 559 469 604 504; x_wconf 88' lang='lat' dir='ltr'>de</span> <span class='ocrx_word' id='word_1_44' title='bbox 627 469 698 504; x_wconf 89' lang='lat' dir='ltr'>hoc</span> <span class='ocrx_word' id='word_1_45' title='bbox 725 468 880 504; x_wconf 88' lang='lat' dir='ltr'>salutari</span> 
     </span>
     <span class='ocr_line' id='line_1_8' title="bbox 97 515 882 562; baseline 0 -10"><span class='ocrx_word' id='word_1_46' title='bbox 97 515 249 552; x_wconf 87' lang='lat' dir='ltr'>nomine</span> <span class='ocrx_word' id='word_1_47' title='bbox 261 516 577 557; x_wconf 75' lang='lat' dir='ltr'>Jesu,13ernm·dus</span> <span class='ocrx_word' id='word_1_48' title='bbox 591 526 703 562; x_wconf 90' lang='lat' dir='ltr'>super</span> <span class='ocrx_word' id='word_1_49' title='bbox 716 516 786 552; x_wconf 86' lang='lat' dir='ltr'>hoc</span> <span class='ocrx_word' id='word_1_50' title='bbox 802 527 882 552; x_wconf 79' lang='lat' dir='ltr'>ver-</span> 
     </span>
     <span class='ocr_line' id='line_1_9' title="bbox 97 561 879 608; baseline -0.001 -9"><span class='ocrx_word' id='word_1_51' title='bbox 97 564 144 599; x_wconf 84' lang='lat' dir='ltr'>bo</span> <span class='ocrx_word' id='word_1_52' title='bbox 159 561 302 600; x_wconf 77' lang='lat' dir='ltr'>Cantici</span> <span class='ocrx_word' id='word_1_53' title='bbox 317 562 459 599; x_wconf 78' lang='lat' dir='ltr'>:Oleum</span> <span class='ocrx_word' id='word_1_54' title='bbox 467 562 620 607; x_wconf 76' lang='lat' dir='ltr'>effusum</span> <span class='ocrx_word' id='word_1_55' title='bbox 629 574 755 598; x_wconf 68' lang='lat' dir='ltr'>nomen</span> <span class='ocrx_word' id='word_1_56' title='bbox 765 567 879 608; x_wconf 77' lang='lat' dir='ltr'>tuum,</span> 
     </span>
     <span class='ocr_line' id='line_1_10' title="bbox 97 609 882 655; baseline 0 -9"><span class='ocrx_word' id='word_1_57' title='bbox 97 609 240 654; x_wconf 88' lang='lat' dir='ltr'>scribit,</span> <span class='ocrx_word' id='word_1_58' title='bbox 261 609 390 646; x_wconf 88' lang='lat' dir='ltr'>dicens</span> <span class='ocrx_word' id='word_1_59' title='bbox 409 619 417 645; x_wconf 73' lang='grc' dir='ltr'>ι</span> <span class='ocrx_word' id='word_1_60' title='bbox 440 611 538 645; x_wconf 87' lang='lat' dir='ltr'>«Est</span> <span class='ocrx_word' id='word_1_61' title='bbox 556 610 682 655; x_wconf 89' lang='lat' dir='ltr'>procul</span> <span class='ocrx_word' id='word_1_62' title='bbox 700 610 814 646; x_wconf 88' lang='lat' dir='ltr'>dubio</span> <span class='ocrx_word' id='word_1_63' title='bbox 829 610 882 646; x_wconf 90' lang='lat' dir='ltr'>in-</span> 
     </span>
     <span class='ocr_line' id='line_1_11' title="bbox 97 656 880 702; baseline -0.001 -8"><span class='ocrx_word' id='word_1_64' title='bbox 97 660 156 694; x_wconf 87' lang='lat' dir='ltr'>ter</span> <span class='ocrx_word' id='word_1_65' title='bbox 177 657 302 694; x_wconf 91' lang='lat' dir='ltr'>oleum</span> <span class='ocrx_word' id='word_1_66' title='bbox 327 660 364 693; x_wconf 89' lang='lat' dir='ltr'>et</span> <span class='ocrx_word' id='word_1_67' title='bbox 384 666 522 692; x_wconf 89' lang='lat' dir='ltr'>nomen</span> <span class='ocrx_word' id='word_1_68' title='bbox 544 657 678 702; x_wconf 89' lang='lat' dir='ltr'>Spousi</span> <span class='ocrx_word' id='word_1_69' title='bbox 705 656 880 693; x_wconf 87' lang='lat' dir='ltr'>similitu-</span> 
     </span>
     <span class='ocr_line' id='line_1_12' title="bbox 97 703 876 749; baseline 0 -9"><span class='ocrx_word' id='word_1_70' title='bbox 97 704 160 746; x_wconf 83' lang='lat' dir='ltr'>do,</span> <span class='ocrx_word' id='word_1_71' title='bbox 180 715 250 740; x_wconf 87' lang='lat' dir='ltr'>nec</span> <span class='ocrx_word' id='word_1_72' title='bbox 267 705 389 740; x_wconf 89' lang='lat' dir='ltr'>otiose</span> <span class='ocrx_word' id='word_1_73' title='bbox 409 703 568 749; x_wconf 72' lang='lat' dir='ltr'>Spiritus</span> <span class='ocrx_word' id='word_1_74' title='bbox 588 705 745 740; x_wconf 84' lang='lat' dir='ltr'>Sanctus</span> <span class='ocrx_word' id='word_1_75' title='bbox 763 706 876 741; x_wconf 88' lang='lat' dir='ltr'>alter-</span> 
     </span>
     <span class='ocr_line' id='line_1_13' title="bbox 97 750 881 797; baseline 0 -9"><span class='ocrx_word' id='word_1_76' title='bbox 97 754 225 788; x_wconf 88' lang='lat' dir='ltr'>utrum</span> <span class='ocrx_word' id='word_1_77' title='bbox 244 750 489 797; x_wconf 73' lang='lat' dir='ltr'>comparavit.</span> <span class='ocrx_word' id='word_1_78' title='bbox 506 753 581 795; x_wconf 76' lang='lat' dir='ltr'>Ego</span> <span class='ocrx_word' id='word_1_79' title='bbox 601 755 726 788; x_wconf 83' lang='lat' dir='ltr'>autem</span> <span class='ocrx_word' id='word_1_80' title='bbox 741 752 824 788; x_wconf 83' lang='lat' dir='ltr'>dico</span> <span class='ocrx_word' id='word_1_81' title='bbox 843 751 881 788; x_wconf 90' lang='lat' dir='ltr'>in</span> 
     </span>
     <span class='ocr_line' id='line_1_14' title="bbox 97 798 881 846; baseline 0 -11"><span class='ocrx_word' id='word_1_82' title='bbox 97 798 235 846; x_wconf 90' lang='lat' dir='ltr'>triplici</span> <span class='ocrx_word' id='word_1_83' title='bbox 265 798 429 845; x_wconf 86' lang='lat' dir='ltr'>quadam</span> <span class='ocrx_word' id='word_1_84' title='bbox 457 798 638 844; x_wconf 82' lang='lat' dir='ltr'>qualitate</span> <span class='ocrx_word' id='word_1_85' title='bbox 670 798 756 843; x_wconf 80' lang='lat' dir='ltr'>olei,</span> <span class='ocrx_word' id='word_1_86' title='bbox 781 799 881 846; x_wconf 90' lang='lat' dir='ltr'>quod</span> 
     </span>
     <span class='ocr_line' id='line_1_15' title="bbox 96 845 881 892; baseline 0 -9"><span class='ocrx_word' id='word_1_87' title='bbox 96 845 210 891; x_wconf 89' lang='lat' dir='ltr'>lucet,</span> <span class='ocrx_word' id='word_1_88' title='bbox 240 845 372 892; x_wconf 86' lang='lat' dir='ltr'>pascit,</span> <span class='ocrx_word' id='word_1_89' title='bbox 404 846 512 892; x_wconf 84' lang='lat' dir='ltr'>ungit</span> <span class='ocrx_word' id='word_1_90' title='bbox 540 857 549 882; x_wconf 72' lang='grc' dir='ltr'>ε</span> <span class='ocrx_word' id='word_1_91' title='bbox 585 845 616 882; x_wconf 89' lang='lat' dir='ltr'>si</span> <span class='ocrx_word' id='word_1_92' title='bbox 646 857 713 882; x_wconf 77' lang='lat' dir='ltr'>vos</span> <span class='ocrx_word' id='word_1_93' title='bbox 747 846 881 883; x_wconf 89' lang='lat' dir='ltr'>melius</span> 
     </span>
     <span class='ocr_line' id='line_1_16' title="bbox 95 892 882 940; baseline 0 -10"><span class='ocrx_word' id='word_1_94' title='bbox 95 904 174 930; x_wconf 91' lang='lat' dir='ltr'>non</span> <span class='ocrx_word' id='word_1_95' title='bbox 188 892 351 930; x_wconf 88' lang='lat' dir='ltr'>habetis.</span> <span class='ocrx_word' id='word_1_96' title='bbox 373 894 487 929; x_wconf 86' lang='lat' dir='ltr'>Fovet</span> <span class='ocrx_word' id='word_1_97' title='bbox 504 893 645 940; x_wconf 87' lang='lat' dir='ltr'>ignem,</span> <span class='ocrx_word' id='word_1_98' title='bbox 661 894 781 930; x_wconf 89' lang='lat' dir='ltr'>nutrit</span> <span class='ocrx_word' id='word_1_99' title='bbox 803 905 882 930; x_wconf 87' lang='lat' dir='ltr'>car-</span> 
     </span>
     <span class='ocr_line' id='line_1_17' title="bbox 96 940 881 986; baseline 0.001 -9"><span class='ocrx_word' id='word_1_100' title='bbox 96 951 200 984; x_wconf 90' lang='lat' dir='ltr'>nem,</span> <span class='ocrx_word' id='word_1_101' title='bbox 230 940 323 977; x_wconf 86' lang='lat' dir='ltr'>lenit</span> <span class='ocrx_word' id='word_1_102' title='bbox 357 941 541 977; x_wconf 88' lang='lat' dir='ltr'>dolorem.</span> <span class='ocrx_word' id='word_1_103' title='bbox 571 942 648 977; x_wconf 85' lang='lat' dir='ltr'>Lux</span> <span class='ocrx_word' id='word_1_104' title='bbox 679 946 748 986; x_wconf 88' lang='lat' dir='ltr'>est,</span> <span class='ocrx_word' id='word_1_105' title='bbox 775 941 881 978; x_wconf 87' lang='lat' dir='ltr'>cibus</span> 
     </span>
     <span class='ocr_line' id='line_1_18' title="bbox 98 988 878 1033; baseline 0 -9"><span class='ocrx_word' id='word_1_106' title='bbox 98 992 170 1033; x_wconf 87' lang='lat' dir='ltr'>est,</span> <span class='ocrx_word' id='word_1_107' title='bbox 187 988 378 1025; x_wconf 87' lang='lat' dir='ltr'>medicina</span> <span class='ocrx_word' id='word_1_108' title='bbox 408 991 477 1024; x_wconf 88' lang='lat' dir='ltr'>est.</span> <span class='ocrx_word' id='word_1_109' title='bbox 497 988 591 1025; x_wconf 83' lang='lat' dir='ltr'>Vide</span> <span class='ocrx_word' id='word_1_110' title='bbox 613 991 738 1025; x_wconf 84' lang='lat' dir='ltr'>autem</span> <span class='ocrx_word' id='word_1_111' title='bbox 766 1000 878 1033; x_wconf 82' lang='lat' dir='ltr'>nunc,</span> 
     </span>
     <span class='ocr_line' id='line_1_19' title="bbox 97 1035 881 1083; baseline 0.001 -11"><span class='ocrx_word' id='word_1_112' title='bbox 97 1038 135 1072; x_wconf 87' lang='lat' dir='ltr'>et</span> <span class='ocrx_word' id='word_1_113' title='bbox 153 1035 199 1072; x_wconf 88' lang='lat' dir='ltr'>de</span> <span class='ocrx_word' id='word_1_114' title='bbox 216 1035 340 1081; x_wconf 85' lang='lat' dir='ltr'>sponsi</span> <span class='ocrx_word' id='word_1_115' title='bbox 361 1036 450 1072; x_wconf 86' lang='lat' dir='ltr'>Jesu</span> <span class='ocrx_word' id='word_1_116' title='bbox 467 1035 635 1073; x_wconf 88' lang='lat' dir='ltr'>nomine.</span> <span class='ocrx_word' id='word_1_117' title='bbox 655 1037 770 1073; x_wconf 84' lang='lat' dir='ltr'>Lucet</span> <span class='ocrx_word' id='word_1_118' title='bbox 789 1047 881 1083; x_wconf 86' lang='lat' dir='ltr'>prae-</span> 
     </span>
     <span class='ocr_line' id='line_1_20' title="bbox 96 1083 878 1129; baseline 0 -10"><span class='ocrx_word' id='word_1_119' title='bbox 96 1083 276 1127; x_wconf 86' lang='lat' dir='ltr'>dicatum,</span> <span class='ocrx_word' id='word_1_120' title='bbox 299 1083 420 1129; x_wconf 89' lang='lat' dir='ltr'>pascit</span> <span class='ocrx_word' id='word_1_121' title='bbox 440 1083 705 1129; x_wconf 72' lang='lat' dir='ltr'>recogitatum,</span> <span class='ocrx_word' id='word_1_122' title='bbox 729 1085 878 1119; x_wconf 70' lang='lat' dir='ltr'>invoca-</span> 
     </span>
     <span class='ocr_line' id='line_1_21' title="bbox 96 1130 881 1177; baseline 0 -10"><span class='ocrx_word' id='word_1_123' title='bbox 96 1134 178 1167; x_wconf 89' lang='lat' dir='ltr'>tum</span> <span class='ocrx_word' id='word_1_124' title='bbox 203 1130 296 1166; x_wconf 90' lang='lat' dir='ltr'>lenit</span> <span class='ocrx_word' id='word_1_125' title='bbox 322 1134 359 1166; x_wconf 87' lang='lat' dir='ltr'>et</span> <span class='ocrx_word' id='word_1_126' title='bbox 393 1130 524 1174; x_wconf 74' lang='lat' dir='ltr'>ungit3</span> <span class='ocrx_word' id='word_1_127' title='bbox 555 1135 591 1167; x_wconf 89' lang='lat' dir='ltr'>et</span> <span class='ocrx_word' id='word_1_128' title='bbox 616 1141 881 1177; x_wconf 76' lang='lat' dir='ltr'>percurramus</span> 
     </span>
     <span class='ocr_line' id='line_1_22' title="bbox 98 1177 878 1225; baseline 0 -11"><span class='ocrx_word' id='word_1_129' title='bbox 98 1178 259 1225; x_wconf 88' lang='lat' dir='ltr'>singula.</span> <span class='ocrx_word' id='word_1_130' title='bbox 286 1177 391 1214; x_wconf 89' lang='lat' dir='ltr'>Unde</span> <span class='ocrx_word' id='word_1_131' title='bbox 418 1177 573 1224; x_wconf 87' lang='lat' dir='ltr'>putatis,</span> <span class='ocrx_word' id='word_1_132' title='bbox 598 1177 636 1213; x_wconf 93' lang='lat' dir='ltr'>in</span> <span class='ocrx_word' id='word_1_133' title='bbox 668 1182 746 1214; x_wconf 85' lang='lat' dir='ltr'>toto</span> <span class='ocrx_word' id='word_1_134' title='bbox 773 1179 878 1224; x_wconf 88' lang='lat' dir='ltr'>orbe,</span> 
     </span>
     <span class='ocr_line' id='line_1_23' title="bbox 100 1224 881 1269; baseline 0 -7"><span class='ocrx_word' id='word_1_135' title='bbox 100 1229 206 1262; x_wconf 85' lang='lat' dir='ltr'>tanta</span> <span class='ocrx_word' id='word_1_136' title='bbox 227 1228 263 1262; x_wconf 88' lang='lat' dir='ltr'>et</span> <span class='ocrx_word' id='word_1_137' title='bbox 285 1228 364 1261; x_wconf 87' lang='lat' dir='ltr'>tam</span> <span class='ocrx_word' id='word_1_138' title='bbox 388 1224 513 1261; x_wconf 86' lang='lat' dir='ltr'>subita</span> <span class='ocrx_word' id='word_1_139' title='bbox 537 1225 599 1262; x_wconf 83' lang='lat' dir='ltr'>lux</span> <span class='ocrx_word' id='word_1_140' title='bbox 619 1225 722 1269; x_wconf 84' lang='lat' dir='ltr'>fidei,</span> <span class='ocrx_word' id='word_1_141' title='bbox 746 1225 817 1261; x_wconf 87' lang='lat' dir='ltr'>nisi</span> <span class='ocrx_word' id='word_1_142' title='bbox 836 1227 881 1262; x_wconf 89' lang='lat' dir='ltr'>‹le</span> 
     </span>
     <span class='ocr_line' id='line_1_24' title="bbox 98 1271 881 1320; baseline 0 -11"><span class='ocrx_word' id='word_1_143' title='bbox 98 1273 304 1320; x_wconf 88' lang='lat' dir='ltr'>praedicato</span> <span class='ocrx_word' id='word_1_144' title='bbox 336 1271 490 1309; x_wconf 88' lang='lat' dir='ltr'>nomine</span> <span class='ocrx_word' id='word_1_145' title='bbox 524 1274 640 1310; x_wconf 87' lang='lat' dir='ltr'>Jesu?</span> <span class='ocrx_word' id='word_1_146' title='bbox 673 1275 805 1309; x_wconf 78' lang='lat' dir='ltr'>Nonne</span> <span class='ocrx_word' id='word_1_147' title='bbox 844 1274 881 1309; x_wconf 92' lang='lat' dir='ltr'>in</span> 
     </span>
     <span class='ocr_line' id='line_1_25' title="bbox 98 1319 882 1368; baseline -0.001 -11"><span class='ocrx_word' id='word_1_148' title='bbox 98 1321 210 1368; x_wconf 87' lang='lat' dir='ltr'>hujus</span> <span class='ocrx_word' id='word_1_149' title='bbox 230 1319 392 1356; x_wconf 90' lang='lat' dir='ltr'>nominis</span> <span class='ocrx_word' id='word_1_150' title='bbox 412 1320 508 1365; x_wconf 90' lang='lat' dir='ltr'>luce,</span> <span class='ocrx_word' id='word_1_151' title='bbox 532 1322 632 1356; x_wconf 84' lang='lat' dir='ltr'>Deus</span> <span class='ocrx_word' id='word_1_152' title='bbox 656 1323 798 1356; x_wconf 71' lang='lat' dir='ltr'>vocarit</span> <span class='ocrx_word' id='word_1_153' title='bbox 817 1331 882 1356; x_wconf 76' lang='lat' dir='ltr'>nos</span> 
     </span>
     <span class='ocr_line' id='line_1_26' title="bbox 99 1367 881 1416; baseline -0.001 -12"><span class='ocrx_word' id='word_1_154' title='bbox 99 1370 138 1404; x_wconf 79' lang='lat' dir='ltr'>in</span> <span class='ocrx_word' id='word_1_155' title='bbox 160 1368 381 1404; x_wconf 73' lang='lat' dir='ltr'>admirabile</span> <span class='ocrx_word' id='word_1_156' title='bbox 401 1369 519 1403; x_wconf 78' lang='lat' dir='ltr'>lumen</span> <span class='ocrx_word' id='word_1_157' title='bbox 537 1378 656 1416; x_wconf 75' lang='lat' dir='ltr'>suum,</span> <span class='ocrx_word' id='word_1_158' title='bbox 679 1367 816 1414; x_wconf 71' lang='lat' dir='ltr'>quilius</span> <span class='ocrx_word' id='word_1_159' title='bbox 836 1367 881 1403; x_wconf 92' lang='lat' dir='ltr'>il-</span> 
     </span>
     <span class='ocr_line' id='line_1_27' title="bbox 101 1414 882 1459; baseline 0 -8"><span class='ocrx_word' id='word_1_160' title='bbox 101 1415 309 1459; x_wconf 89' lang='lat' dir='ltr'>luminatis,</span> <span class='ocrx_word' id='word_1_161' title='bbox 331 1414 424 1451; x_wconf 87' lang='lat' dir='ltr'>etin</span> <span class='ocrx_word' id='word_1_162' title='bbox 452 1414 593 1451; x_wconf 91' lang='lat' dir='ltr'>lumine</span> <span class='ocrx_word' id='word_1_163' title='bbox 620 1416 691 1451; x_wconf 89' lang='lat' dir='ltr'>isto</span> <span class='ocrx_word' id='word_1_164' title='bbox 720 1415 882 1452; x_wconf 89' lang='lat' dir='ltr'>videnti-</span> 
     </span>
     <span class='ocr_line' id='line_1_28' title="bbox 100 1462 884 1507; baseline -0.001 -7"><span class='ocrx_word' id='word_1_165' title='bbox 100 1463 172 1500; x_wconf 86' lang='lat' dir='ltr'>bus</span> <span class='ocrx_word' id='word_1_166' title='bbox 190 1463 333 1507; x_wconf 78' lang='lat' dir='ltr'>lumen,</span> <span class='ocrx_word' id='word_1_167' title='bbox 357 1462 458 1499; x_wconf 85' lang='lat' dir='ltr'>dicat</span> <span class='ocrx_word' id='word_1_168' title='bbox 476 1463 610 1498; x_wconf 89' lang='lat' dir='ltr'>merito</span> <span class='ocrx_word' id='word_1_169' title='bbox 634 1463 797 1499; x_wconf 88' lang='lat' dir='ltr'>Paulus:</span> <span class='ocrx_word' id='word_1_170' title='bbox 816 1465 884 1499; x_wconf 77' lang='lat' dir='ltr'>Fu-</span> 
     </span>
     <span class='ocr_line' id='line_1_29' title="bbox 99 1510 884 1556; baseline 0 -10"><span class='ocrx_word' id='word_1_171' title='bbox 99 1512 186 1546; x_wconf 77' lang='lat' dir='ltr'>istis</span> <span class='ocrx_word' id='word_1_172' title='bbox 197 1510 399 1556; x_wconf 73' lang='lat' dir='ltr'>aliquando</span> <span class='ocrx_word' id='word_1_173' title='bbox 414 1511 677 1555; x_wconf 75' lang='lat' dir='ltr'>tenebrae‚nunc</span> <span class='ocrx_word' id='word_1_174' title='bbox 686 1514 806 1546; x_wconf 74' lang='lat' dir='ltr'>autem</span> <span class='ocrx_word' id='word_1_175' title='bbox 818 1512 884 1546; x_wconf 68' lang='lat' dir='ltr'>lucc</span> 
     </span>
     <span class='ocr_line' id='line_1_30' title="bbox 100 1557 883 1595; baseline 0 -1"><span class='ocrx_word' id='word_1_176' title='bbox 100 1560 140 1594; x_wconf 82' lang='lat' dir='ltr'>iu</span> <span class='ocrx_word' id='word_1_177' title='bbox 154 1559 333 1594; x_wconf 77' lang='lat' dir='ltr'>Domino?</span> <span class='ocrx_word' id='word_1_178' title='bbox 348 1557 423 1595; x_wconf 77' lang='lat' dir='ltr'>Nec</span> <span class='ocrx_word' id='word_1_179' title='bbox 436 1561 582 1594; x_wconf 87' lang='lat' dir='ltr'>tantum</span> <span class='ocrx_word' id='word_1_180' title='bbox 596 1558 656 1593; x_wconf 82' lang='lat' dir='ltr'>lux</span> <span class='ocrx_word' id='word_1_181' title='bbox 675 1561 731 1594; x_wconf 87' lang='lat' dir='ltr'>est</span> <span class='ocrx_word' id='word_1_182' title='bbox 746 1569 883 1594; x_wconf 83' lang='lat' dir='ltr'>nomen</span> 
     </span>
     <span class='ocr_line' id='line_1_31' title="bbox 99 1605 884 1647; baseline -0.003 -4"><span class='ocrx_word' id='word_1_183' title='bbox 99 1607 204 1647; x_wconf 83' lang='lat' dir='ltr'>Jesu,</span> <span class='ocrx_word' id='word_1_184' title='bbox 229 1606 294 1642; x_wconf 87' lang='lat' dir='ltr'>sed</span> <span class='ocrx_word' id='word_1_185' title='bbox 316 1608 374 1641; x_wconf 87' lang='lat' dir='ltr'>est</span> <span class='ocrx_word' id='word_1_186' title='bbox 393 1608 430 1641; x_wconf 85' lang='lat' dir='ltr'>ct</span> <span class='ocrx_word' id='word_1_187' title='bbox 450 1605 568 1641; x_wconf 87' lang='lat' dir='ltr'>cibus.</span> <span class='ocrx_word' id='word_1_188' title='bbox 593 1606 649 1641; x_wconf 80' lang='lat' dir='ltr'>An</span> <span class='ocrx_word' id='word_1_189' title='bbox 672 1616 748 1641; x_wconf 90' lang='lat' dir='ltr'>non</span> <span class='ocrx_word' id='word_1_190' title='bbox 771 1605 884 1641; x_wconf 86' lang='lat' dir='ltr'>toties</span> 
     </span>
     <span class='ocr_line' id='line_1_32' title="bbox 101 1651 883 1699; baseline -0.003 -9"><span class='ocrx_word' id='word_1_191' title='bbox 101 1652 340 1698; x_wconf 77' lang='lat' dir='ltr'>confortaris,</span> <span class='ocrx_word' id='word_1_192' title='bbox 358 1652 506 1699; x_wconf 77' lang='lat' dir='ltr'>quoties</span> <span class='ocrx_word' id='word_1_193' title='bbox 524 1651 625 1688; x_wconf 91' lang='lat' dir='ltr'>illius</span> <span class='ocrx_word' id='word_1_194' title='bbox 646 1652 883 1689; x_wconf 66' lang='lat' dir='ltr'>recordaris?</span> 
     </span>
     <span class='ocr_line' id='line_1_33' title="bbox 100 1699 882 1747; baseline 0 -11"><span class='ocrx_word' id='word_1_195' title='bbox 100 1699 194 1745; x_wconf 91' lang='lat' dir='ltr'>Quid</span> <span class='ocrx_word' id='word_1_196' title='bbox 216 1711 322 1746; x_wconf 82' lang='lat' dir='ltr'>aeque</span> <span class='ocrx_word' id='word_1_197' title='bbox 344 1703 509 1737; x_wconf 78' lang='lat' dir='ltr'>mentem</span> <span class='ocrx_word' id='word_1_198' title='bbox 528 1700 728 1746; x_wconf 75' lang='lat' dir='ltr'>cogitantis</span> <span class='ocrx_word' id='word_1_199' title='bbox 748 1699 882 1747; x_wconf 90' lang='lat' dir='ltr'>impin-</span> 
     </span>
     <span class='ocr_line' id='line_1_34' title="bbox 99 1747 881 1794; baseline -0.001 -10"><span class='ocrx_word' id='word_1_200' title='bbox 99 1747 214 1794; x_wconf 75' lang='lat' dir='ltr'>guat?</span> <span class='ocrx_word' id='word_1_201' title='bbox 233 1747 327 1792; x_wconf 88' lang='lat' dir='ltr'>Quid</span> <span class='ocrx_word' id='word_1_202' title='bbox 344 1747 397 1784; x_wconf 90' lang='lat' dir='ltr'>ita</span> <span class='ocrx_word' id='word_1_203' title='bbox 419 1747 600 1784; x_wconf 80' lang='lat' dir='ltr'>excitatos</span> <span class='ocrx_word' id='word_1_204' title='bbox 622 1752 774 1794; x_wconf 88' lang='lat' dir='ltr'>reparat</span> <span class='ocrx_word' id='word_1_205' title='bbox 795 1759 881 1784; x_wconf 88' lang='lat' dir='ltr'>sen-</span> 
     </span>
     <span class='ocr_line' id='line_1_35' title="bbox 101 1794 881 1842; baseline -0.001 -11"><span class='ocrx_word' id='word_1_206' title='bbox 101 1806 178 1840; x_wconf 87' lang='lat' dir='ltr'>sus,</span> <span class='ocrx_word' id='word_1_207' title='bbox 196 1794 354 1832; x_wconf 89' lang='lat' dir='ltr'>virtutes</span> <span class='ocrx_word' id='word_1_208' title='bbox 379 1796 546 1839; x_wconf 77' lang='lat' dir='ltr'>roborat,</span> <span class='ocrx_word' id='word_1_209' title='bbox 566 1799 716 1842; x_wconf 84' lang='lat' dir='ltr'>vegetat</span> <span class='ocrx_word' id='word_1_210' title='bbox 745 1806 881 1840; x_wconf 75' lang='lat' dir='ltr'>mores,</span> 
     </span>
     <span class='ocr_line' id='line_1_36' title="bbox 101 1843 883 1889; baseline -0.001 -9"><span class='ocrx_word' id='word_1_211' title='bbox 101 1846 138 1880; x_wconf 88' lang='lat' dir='ltr'>et</span> <span class='ocrx_word' id='word_1_212' title='bbox 167 1845 273 1880; x_wconf 86' lang='lat' dir='ltr'>aetus</span> <span class='ocrx_word' id='word_1_213' title='bbox 306 1843 425 1880; x_wconf 77' lang='lat' dir='ltr'>bonos</span> <span class='ocrx_word' id='word_1_214' title='bbox 459 1846 571 1889; x_wconf 88' lang='lat' dir='ltr'>atque</span> <span class='ocrx_word' id='word_1_215' title='bbox 607 1843 802 1887; x_wconf 86' lang='lat' dir='ltr'>honestos,</span> <span class='ocrx_word' id='word_1_216' title='bbox 825 1853 883 1879; x_wconf 86' lang='lat' dir='ltr'>ca-</span> 
     </span>
     <span class='ocr_line' id='line_1_37' title="bbox 100 1890 883 1936; baseline -0.001 -9"><span class='ocrx_word' id='word_1_217' title='bbox 100 1893 254 1936; x_wconf 85' lang='lat' dir='ltr'>stasque</span> <span class='ocrx_word' id='word_1_218' title='bbox 274 1890 375 1927; x_wconf 84' lang='lat' dir='ltr'>fovet</span> <span class='ocrx_word' id='word_1_219' title='bbox 401 1890 650 1927; x_wconf 77' lang='lat' dir='ltr'>affectiones?</span> <span class='ocrx_word' id='word_1_220' title='bbox 669 1890 806 1927; x_wconf 86' lang='lat' dir='ltr'>Aridus</span> <span class='ocrx_word' id='word_1_221' title='bbox 827 1894 883 1926; x_wconf 86' lang='lat' dir='ltr'>est</span> 
     </span>
     <span class='ocr_line' id='line_1_38' title="bbox 101 1937 882 1982; baseline -0.001 -7"><span class='ocrx_word' id='word_1_222' title='bbox 101 1937 227 1975; x_wconf 88' lang='lat' dir='ltr'>omnis</span> <span class='ocrx_word' id='word_1_223' title='bbox 247 1937 386 1974; x_wconf 88' lang='lat' dir='ltr'>animae</span> <span class='ocrx_word' id='word_1_224' title='bbox 407 1938 528 1982; x_wconf 87' lang='lat' dir='ltr'>cibus,</span> <span class='ocrx_word' id='word_1_225' title='bbox 549 1938 580 1974; x_wconf 87' lang='lat' dir='ltr'>si</span> <span class='ocrx_word' id='word_1_226' title='bbox 604 1948 681 1974; x_wconf 91' lang='lat' dir='ltr'>non</span> <span class='ocrx_word' id='word_1_227' title='bbox 701 1937 774 1974; x_wconf 89' lang='lat' dir='ltr'>isto</span> <span class='ocrx_word' id='word_1_228' title='bbox 799 1937 882 1974; x_wconf 92' lang='lat' dir='ltr'>oleo</span> 
     </span>
     <span class='ocr_line' id='line_1_39' title="bbox 100 1985 883 2031; baseline -0.001 -9"><span class='ocrx_word' id='word_1_229' title='bbox 100 1985 335 2030; x_wconf 79' lang='lat' dir='ltr'>infunditur3</span> <span class='ocrx_word' id='word_1_230' title='bbox 358 1985 544 2031; x_wconf 89' lang='lat' dir='ltr'>insipidus</span> <span class='ocrx_word' id='word_1_231' title='bbox 562 1988 632 2030; x_wconf 90' lang='lat' dir='ltr'>est,</span> <span class='ocrx_word' id='word_1_232' title='bbox 652 1985 683 2021; x_wconf 89' lang='lat' dir='ltr'>si</span> <span class='ocrx_word' id='word_1_233' title='bbox 705 1996 779 2021; x_wconf 92' lang='lat' dir='ltr'>non</span> <span class='ocrx_word' id='word_1_234' title='bbox 813 1986 883 2021; x_wconf 79' lang='lat' dir='ltr'>boe</span> 
     </span>
     <span class='ocr_line' id='line_1_40' title="bbox 100 2032 885 2079; baseline -0.003 -9"><span class='ocrx_word' id='word_1_235' title='bbox 100 2033 180 2070; x_wconf 86' lang='lat' dir='ltr'>sale</span> <span class='ocrx_word' id='word_1_236' title='bbox 210 2032 397 2070; x_wconf 87' lang='lat' dir='ltr'>conditur.</span> <span class='ocrx_word' id='word_1_237' title='bbox 427 2032 465 2069; x_wconf 92' lang='lat' dir='ltr'>Si</span> <span class='ocrx_word' id='word_1_238' title='bbox 496 2032 654 2076; x_wconf 80' lang='lat' dir='ltr'>scribas,</span> <span class='ocrx_word' id='word_1_239' title='bbox 675 2043 751 2069; x_wconf 89' lang='lat' dir='ltr'>non</span> <span class='ocrx_word' id='word_1_240' title='bbox 785 2032 885 2079; x_wconf 90' lang='lat' dir='ltr'>sapit</span> 
     </span>
     <span class='ocr_line' id='line_1_41' title="bbox 101 2079 885 2126; baseline -0.001 -9"><span class='ocrx_word' id='word_1_241' title='bbox 101 2080 207 2125; x_wconf 83' lang='lat' dir='ltr'>mihi,</span> <span class='ocrx_word' id='word_1_242' title='bbox 228 2079 302 2116; x_wconf 89' lang='lat' dir='ltr'>nisi</span> <span class='ocrx_word' id='word_1_243' title='bbox 325 2080 453 2126; x_wconf 86' lang='lat' dir='ltr'>legero</span> <span class='ocrx_word' id='word_1_244' title='bbox 472 2079 524 2116; x_wconf 88' lang='lat' dir='ltr'>ibi</span> <span class='ocrx_word' id='word_1_245' title='bbox 541 2081 689 2124; x_wconf 83' lang='lat' dir='ltr'>Jesum3</span> <span class='ocrx_word' id='word_1_246' title='bbox 713 2079 742 2116; x_wconf 91' lang='lat' dir='ltr'>si</span> <span class='ocrx_word' id='word_1_247' title='bbox 762 2079 885 2126; x_wconf 87' lang='lat' dir='ltr'>dispu-</span> 
     </span>
     <span class='ocr_line' id='line_1_42' title="bbox 102 2126 885 2174; baseline -0.003 -9"><span class='ocrx_word' id='word_1_248' title='bbox 102 2132 158 2165; x_wconf 87' lang='lat' dir='ltr'>tes</span> <span class='ocrx_word' id='word_1_249' title='bbox 175 2131 242 2165; x_wconf 87' lang='lat' dir='ltr'>aut</span> <span class='ocrx_word' id='word_1_250' title='bbox 259 2128 445 2172; x_wconf 81' lang='lat' dir='ltr'>conferas,</span> <span class='ocrx_word' id='word_1_251' title='bbox 467 2137 542 2164; x_wconf 90' lang='lat' dir='ltr'>non</span> <span class='ocrx_word' id='word_1_252' title='bbox 564 2129 663 2174; x_wconf 85' lang='lat' dir='ltr'>sapit</span> <span class='ocrx_word' id='word_1_253' title='bbox 684 2127 790 2172; x_wconf 87' lang='lat' dir='ltr'>mihi,</span> <span class='ocrx_word' id='word_1_254' title='bbox 812 2126 885 2164; x_wconf 88' lang='lat' dir='ltr'>nisi</span> 
     </span>
     <span class='ocr_line' id='line_1_43' title="bbox 101 2174 883 2219; baseline -0.004 -6"><span class='ocrx_word' id='word_1_255' title='bbox 101 2175 274 2213; x_wconf 88' lang='lat' dir='ltr'>sonuerit</span> <span class='ocrx_word' id='word_1_256' title='bbox 303 2174 355 2211; x_wconf 90' lang='lat' dir='ltr'>ibi</span> <span class='ocrx_word' id='word_1_257' title='bbox 382 2176 503 2212; x_wconf 88' lang='lat' dir='ltr'>Jesus.</span> <span class='ocrx_word' id='word_1_258' title='bbox 521 2176 628 2211; x_wconf 87' lang='lat' dir='ltr'>Jesus</span> <span class='ocrx_word' id='word_1_259' title='bbox 652 2174 726 2210; x_wconf 84' lang='lat' dir='ltr'>mel</span> <span class='ocrx_word' id='word_1_260' title='bbox 747 2174 785 2211; x_wconf 89' lang='lat' dir='ltr'>in</span> <span class='ocrx_word' id='word_1_261' title='bbox 804 2185 883 2219; x_wconf 87' lang='lat' dir='ltr'>ore,</span> 
     </span>
     <span class='ocr_line' id='line_1_44' title="bbox 101 2221 885 2269; baseline -0.003 -9"><span class='ocrx_word' id='word_1_262' title='bbox 101 2224 140 2260; x_wconf 90' lang='lat' dir='ltr'>in</span> <span class='ocrx_word' id='word_1_263' title='bbox 159 2233 250 2260; x_wconf 86' lang='lat' dir='ltr'>aure</span> <span class='ocrx_word' id='word_1_264' title='bbox 267 2222 401 2267; x_wconf 90' lang='lat' dir='ltr'>melos,</span> <span class='ocrx_word' id='word_1_265' title='bbox 422 2221 461 2258; x_wconf 93' lang='lat' dir='ltr'>in</span> <span class='ocrx_word' id='word_1_266' title='bbox 486 2222 599 2259; x_wconf 88' lang='lat' dir='ltr'>corde</span> <span class='ocrx_word' id='word_1_267' title='bbox 628 2222 783 2269; x_wconf 77' lang='lat' dir='ltr'>Jubilus.</span> <span class='ocrx_word' id='word_1_268' title='bbox 813 2222 885 2259; x_wconf 88' lang='lat' dir='ltr'>Sed</span> 
     </span>
     <span class='ocr_line' id='line_1_45' title="bbox 101 2268 884 2316; baseline -0.003 -8"><span class='ocrx_word' id='word_1_269' title='bbox 101 2274 160 2308; x_wconf 81' lang='lat' dir='ltr'>est</span> <span class='ocrx_word' id='word_1_270' title='bbox 177 2273 216 2308; x_wconf 88' lang='lat' dir='ltr'>et</span> <span class='ocrx_word' id='word_1_271' title='bbox 234 2268 438 2306; x_wconf 88' lang='lat' dir='ltr'>medicina.</span> <span class='ocrx_word' id='word_1_272' title='bbox 461 2270 645 2306; x_wconf 73' lang='lat' dir='ltr'>Tristatur</span> <span class='ocrx_word' id='word_1_273' title='bbox 664 2270 800 2316; x_wconf 85' lang='lat' dir='ltr'>aliquis</span> <span class='ocrx_word' id='word_1_274' title='bbox 820 2281 884 2306; x_wconf 76' lang='lat' dir='ltr'>ve-</span> 
     </span>
     <span class='ocr_line' id='line_1_46' title="bbox 102 2317 885 2363; baseline -0.001 -8"><span class='ocrx_word' id='word_1_275' title='bbox 102 2317 249 2355; x_wconf 79' lang='lat' dir='ltr'>strum?</span> <span class='ocrx_word' id='word_1_276' title='bbox 268 2317 404 2354; x_wconf 87' lang='lat' dir='ltr'>Veniat</span> <span class='ocrx_word' id='word_1_277' title='bbox 434 2318 471 2353; x_wconf 91' lang='lat' dir='ltr'>in</span> <span class='ocrx_word' id='word_1_278' title='bbox 502 2327 566 2353; x_wconf 73' lang='lat' dir='ltr'>cor</span> <span class='ocrx_word' id='word_1_279' title='bbox 584 2319 707 2363; x_wconf 71' lang='lat' dir='ltr'>JcsuS,</span> <span class='ocrx_word' id='word_1_280' title='bbox 731 2322 767 2353; x_wconf 88' lang='lat' dir='ltr'>ct</span> <span class='ocrx_word' id='word_1_281' title='bbox 796 2317 885 2354; x_wconf 89' lang='lat' dir='ltr'>inde</span> 
     </span>
     <span class='ocr_line' id='line_1_47' title="bbox 103 2365 885 2409; baseline -0.003 -7"><span class='ocrx_word' id='word_1_282' title='bbox 103 2365 215 2402; x_wconf 88' lang='lat' dir='ltr'>saliat</span> <span class='ocrx_word' id='word_1_283' title='bbox 232 2365 270 2401; x_wconf 95' lang='lat' dir='ltr'>in</span> <span class='ocrx_word' id='word_1_284' title='bbox 288 2375 354 2409; x_wconf 83' lang='lat' dir='ltr'>os3</span> <span class='ocrx_word' id='word_1_285' title='bbox 377 2369 415 2401; x_wconf 87' lang='lat' dir='ltr'>et</span> <span class='ocrx_word' id='word_1_286' title='bbox 441 2375 526 2401; x_wconf 86' lang='lat' dir='ltr'>ecce</span> <span class='ocrx_word' id='word_1_287' title='bbox 547 2365 595 2401; x_wconf 87' lang='lat' dir='ltr'>ad</span> <span class='ocrx_word' id='word_1_288' title='bbox 617 2370 787 2401; x_wconf 87' lang='lat' dir='ltr'>exortum</span> <span class='ocrx_word' id='word_1_289' title='bbox 810 2376 885 2401; x_wconf 90' lang='lat' dir='ltr'>no-</span> 
     </span>
     <span class='ocr_line' id='line_1_48' title="bbox 103 2411 884 2458; baseline -0.001 -9"><span class='ocrx_word' id='word_1_290' title='bbox 103 2412 217 2450; x_wconf 87' lang='lat' dir='ltr'>minis</span> <span class='ocrx_word' id='word_1_291' title='bbox 239 2412 369 2449; x_wconf 90' lang='lat' dir='ltr'>lumen</span> <span class='ocrx_word' id='word_1_292' title='bbox 395 2411 566 2448; x_wconf 85' lang='lat' dir='ltr'>nubilum</span> <span class='ocrx_word' id='word_1_293' title='bbox 591 2422 704 2449; x_wconf 87' lang='lat' dir='ltr'>omne</span> <span class='ocrx_word' id='word_1_294' title='bbox 722 2412 884 2458; x_wconf 82' lang='lat' dir='ltr'>dill&#39;ugit,</span> 
     </span>
     <span class='ocr_line' id='line_1_49' title="bbox 102 2458 884 2506; baseline -0.001 -9"><span class='ocrx_word' id='word_1_295' title='bbox 102 2459 201 2497; x_wconf 89' lang='lat' dir='ltr'>redit</span> <span class='ocrx_word' id='word_1_296' title='bbox 231 2470 422 2496; x_wconf 88' lang='lat' dir='ltr'>serenum.</span> <span class='ocrx_word' id='word_1_297' title='bbox 443 2458 596 2496; x_wconf 86' lang='lat' dir='ltr'>Labitur</span> <span class='ocrx_word' id='word_1_298' title='bbox 628 2461 712 2506; x_wconf 90' lang='lat' dir='ltr'>quis</span> <span class='ocrx_word' id='word_1_299' title='bbox 740 2459 780 2496; x_wconf 91' lang='lat' dir='ltr'>in</span> <span class='ocrx_word' id='word_1_300' title='bbox 812 2459 884 2496; x_wconf 84' lang='lat' dir='ltr'>eri-</span> 
     </span>
     <span class='ocr_line' id='line_1_50' title="bbox 102 2506 887 2553; baseline -0.001 -9"><span class='ocrx_word' id='word_1_301' title='bbox 102 2518 204 2552; x_wconf 89' lang='lat' dir='ltr'>men,</span> <span class='ocrx_word' id='word_1_302' title='bbox 224 2508 342 2543; x_wconf 88' lang='lat' dir='ltr'>currit</span> <span class='ocrx_word' id='word_1_303' title='bbox 360 2506 515 2553; x_wconf 85' lang='lat' dir='ltr'>insuper</span> <span class='ocrx_word' id='word_1_304' title='bbox 532 2507 578 2543; x_wconf 92' lang='lat' dir='ltr'>ad</span> <span class='ocrx_word' id='word_1_305' title='bbox 596 2507 772 2553; x_wconf 86' lang='lat' dir='ltr'>laqueum</span> <span class='ocrx_word' id='word_1_306' title='bbox 789 2518 887 2543; x_wconf 90' lang='lat' dir='ltr'>mor-</span> 
     </span>
     <span class='ocr_line' id='line_1_51' title="bbox 104 2554 886 2600; baseline -0.003 -8"><span class='ocrx_word' id='word_1_307' title='bbox 104 2554 153 2592; x_wconf 89' lang='lat' dir='ltr'>tis</span> <span class='ocrx_word' id='word_1_308' title='bbox 171 2554 436 2600; x_wconf 76' lang='lat' dir='ltr'>desperando?</span> <span class='ocrx_word' id='word_1_309' title='bbox 456 2555 590 2590; x_wconf 85' lang='lat' dir='ltr'>Nonne</span> <span class='ocrx_word' id='word_1_310' title='bbox 608 2554 637 2590; x_wconf 90' lang='lat' dir='ltr'>si</span> <span class='ocrx_word' id='word_1_311' title='bbox 655 2555 804 2591; x_wconf 83' lang='lat' dir='ltr'>invocet</span> <span class='ocrx_word' id='word_1_312' title='bbox 823 2566 886 2590; x_wconf 93' lang='lat' dir='ltr'>no-</span> 
     </span>
     <span class='ocr_line' id='line_1_52' title="bbox 106 2601 884 2647; baseline -0.001 -8"><span class='ocrx_word' id='word_1_313' title='bbox 106 2613 192 2639; x_wconf 90' lang='lat' dir='ltr'>men</span> <span class='ocrx_word' id='word_1_314' title='bbox 214 2602 314 2647; x_wconf 77' lang='lat' dir='ltr'>vitae,</span> <span class='ocrx_word' id='word_1_315' title='bbox 336 2601 533 2638; x_wconf 79' lang='lat' dir='ltr'>confestim</span> <span class='ocrx_word' id='word_1_316' title='bbox 553 2601 753 2647; x_wconf 69' lang='lat' dir='ltr'>respirabit</span> <span class='ocrx_word' id='word_1_317' title='bbox 769 2602 817 2638; x_wconf 88' lang='lat' dir='ltr'>ad</span> <span class='ocrx_word' id='word_1_318' title='bbox 836 2601 884 2638; x_wconf 76' lang='lat' dir='ltr'>vi-</span> 
     </span>
     <span class='ocr_line' id='line_1_53' title="bbox 106 2647 882 2695; baseline 0 -10"><span class='ocrx_word' id='word_1_319' title='bbox 106 2650 209 2686; x_wconf 81' lang='lat' dir='ltr'>tam?</span> <span class='ocrx_word' id='word_1_320' title='bbox 228 2649 295 2686; x_wconf 91' lang='lat' dir='ltr'>Cui</span> <span class='ocrx_word' id='word_1_321' title='bbox 313 2647 516 2695; x_wconf 85' lang='lat' dir='ltr'>aliquando</span> <span class='ocrx_word' id='word_1_322' title='bbox 534 2649 636 2685; x_wconf 88' lang='lat' dir='ltr'>stetit</span> <span class='ocrx_word' id='word_1_323' title='bbox 649 2652 736 2686; x_wconf 88' lang='lat' dir='ltr'>ante</span> <span class='ocrx_word' id='word_1_324' title='bbox 751 2650 882 2686; x_wconf 80' lang='lat' dir='ltr'>faciem</span> 
     </span>
     <span class='ocr_line' id='line_1_54' title="bbox 107 2696 882 2742; baseline -0.001 -9"><span class='ocrx_word' id='word_1_325' title='bbox 107 2696 282 2734; x_wconf 77' lang='lat' dir='ltr'>salutaris</span> <span class='ocrx_word' id='word_1_326' title='bbox 300 2696 476 2741; x_wconf 86' lang='lat' dir='ltr'>nominis,</span> <span class='ocrx_word' id='word_1_327' title='bbox 496 2696 646 2741; x_wconf 86' lang='lat' dir='ltr'>duritia,</span> <span class='ocrx_word' id='word_1_328' title='bbox 670 2701 709 2733; x_wconf 86' lang='lat' dir='ltr'>ut</span> <span class='ocrx_word' id='word_1_329' title='bbox 729 2697 882 2742; x_wconf 86' lang='lat' dir='ltr'>assolet,</span> 
     </span>
     <span class='ocr_line' id='line_1_55' title="bbox 107 2743 881 2791; baseline 0.003 -12"><span class='ocrx_word' id='word_1_330' title='bbox 107 2745 245 2788; x_wconf 84' lang='lat' dir='ltr'>cordis,</span> <span class='ocrx_word' id='word_1_331' title='bbox 258 2743 417 2791; x_wconf 83' lang='lat' dir='ltr'>ignaviae</span> <span class='ocrx_word' id='word_1_332' title='bbox 430 2747 573 2791; x_wconf 88' lang='lat' dir='ltr'>torpor,</span> <span class='ocrx_word' id='word_1_333' title='bbox 584 2755 720 2781; x_wconf 86' lang='lat' dir='ltr'>rancor</span> <span class='ocrx_word' id='word_1_334' title='bbox 731 2745 881 2787; x_wconf 66' lang='lat' dir='ltr'>animm,</span> 
     </span>
     <span class='ocr_line' id='line_1_56' title="bbox 104 2791 882 2840; baseline 0 -11"><span class='ocrx_word' id='word_1_335' title='bbox 104 2792 266 2840; x_wconf 86' lang='lat' dir='ltr'>languor</span> <span class='ocrx_word' id='word_1_336' title='bbox 278 2791 430 2829; x_wconf 68' lang='lat' dir='ltr'>accidiae</span> <span class='ocrx_word' id='word_1_337' title='bbox 440 2791 458 2828; x_wconf 78' lang='lat'><strong>?</strong></span> <span class='ocrx_word' id='word_1_338' title='bbox 471 2791 584 2839; x_wconf 87' lang='lat' dir='ltr'>Cujus</span> <span class='ocrx_word' id='word_1_339' title='bbox 600 2792 685 2830; x_wconf 85' lang='lat' dir='ltr'>sons</span> <span class='ocrx_word' id='word_1_340' title='bbox 699 2792 797 2830; x_wconf 83' lang='lat' dir='ltr'>sorte</span> <span class='ocrx_word' id='word_1_341' title='bbox 811 2793 882 2829; x_wconf 91' lang='lat' dir='ltr'>sic-</span> 
     </span>
    </p>
   </div>
   <div class='ocr_carea' id='block_1_3' title="bbox 952 230 1744 2832">
    <p class='ocr_par' dir='ltr' id='par_1_3' title="bbox 952 230 1744 2745">
     <span class='ocr_line' id='line_1_57' title="bbox 957 230 1739 280; baseline -0.001 -13"><span class='ocrx_word' id='word_1_342' title='bbox 957 234 1059 268; x_wconf 87' lang='lat' dir='ltr'>catus</span> <span class='ocrx_word' id='word_1_343' title='bbox 1081 231 1356 280; x_wconf 82' lang='lat' dir='ltr'>lacrymarum,</span> <span class='ocrx_word' id='word_1_344' title='bbox 1385 232 1556 269; x_wconf 86' lang='lat' dir='ltr'>invocato</span> <span class='ocrx_word' id='word_1_345' title='bbox 1584 230 1739 268; x_wconf 84' lang='lat' dir='ltr'>nomine</span> 
     </span>
     <span class='ocr_line' id='line_1_58' title="bbox 956 279 1743 326; baseline -0.001 -11"><span class='ocrx_word' id='word_1_346' title='bbox 956 281 1060 323; x_wconf 89' lang='lat' dir='ltr'>Jesu,</span> <span class='ocrx_word' id='word_1_347' title='bbox 1077 290 1150 315; x_wconf 84' lang='lat' dir='ltr'>non</span> <span class='ocrx_word' id='word_1_348' title='bbox 1169 279 1346 315; x_wconf 87' lang='lat' dir='ltr'>continuo</span> <span class='ocrx_word' id='word_1_349' title='bbox 1363 280 1487 326; x_wconf 87' lang='lat' dir='ltr'>erupit</span> <span class='ocrx_word' id='word_1_350' title='bbox 1503 279 1656 316; x_wconf 90' lang='lat' dir='ltr'>uberior</span> <span class='ocrx_word' id='word_1_351' title='bbox 1677 279 1743 314; x_wconf 86' lang='lat' dir='ltr'>llu-</span> 
     </span>
     <span class='ocr_line' id='line_1_59' title="bbox 956 324 1742 373; baseline 0 -12"><span class='ocrx_word' id='word_1_352' title='bbox 956 325 1082 372; x_wconf 83' lang='lat' dir='ltr'>xitque</span> <span class='ocrx_word' id='word_1_353' title='bbox 1100 327 1274 363; x_wconf 71' lang='lat' dir='ltr'>suavior?</span> <span class='ocrx_word' id='word_1_354' title='bbox 1289 327 1354 363; x_wconf 88' lang='lat' dir='ltr'>Cui</span> <span class='ocrx_word' id='word_1_355' title='bbox 1374 327 1410 363; x_wconf 91' lang='lat' dir='ltr'>in</span> <span class='ocrx_word' id='word_1_356' title='bbox 1431 326 1607 373; x_wconf 89' lang='lat' dir='ltr'>periculis</span> <span class='ocrx_word' id='word_1_357' title='bbox 1626 324 1742 372; x_wconf 90' lang='lat' dir='ltr'>palpi-</span> 
     </span>
     <span class='ocr_line' id='line_1_60' title="bbox 957 373 1740 420; baseline -0.001 -11"><span class='ocrx_word' id='word_1_358' title='bbox 957 373 1050 409; x_wconf 88' lang='lat' dir='ltr'>tanti</span> <span class='ocrx_word' id='word_1_359' title='bbox 1066 377 1102 410; x_wconf 86' lang='lat' dir='ltr'>et</span> <span class='ocrx_word' id='word_1_360' title='bbox 1120 374 1319 420; x_wconf 81' lang='lat' dir='ltr'>trepidanti</span> <span class='ocrx_word' id='word_1_361' title='bbox 1343 378 1570 419; x_wconf 84' lang='lat' dir='ltr'>invocatum,</span> <span class='ocrx_word' id='word_1_362' title='bbox 1592 373 1740 409; x_wconf 86' lang='lat' dir='ltr'>virtutis</span> 
     </span>
     <span class='ocr_line' id='line_1_61' title="bbox 957 419 1737 468; baseline -0.001 -11"><span class='ocrx_word' id='word_1_363' title='bbox 957 431 1094 457; x_wconf 74' lang='lat' dir='ltr'>nomon</span> <span class='ocrx_word' id='word_1_364' title='bbox 1113 432 1187 456; x_wconf 60' lang='lat' dir='ltr'>nnn</span> <span class='ocrx_word' id='word_1_365' title='bbox 1206 421 1332 457; x_wconf 87' lang='lat' dir='ltr'>statim</span> <span class='ocrx_word' id='word_1_366' title='bbox 1354 422 1526 458; x_wconf 82' lang='lat' dir='ltr'>tiduciam</span> <span class='ocrx_word' id='word_1_367' title='bbox 1552 419 1737 468; x_wconf 70' lang='lat' dir='ltr'>praestitit,</span> 
     </span>
     <span class='ocr_line' id='line_1_62' title="bbox 957 467 1740 515; baseline 0.001 -12"><span class='ocrx_word' id='word_1_368' title='bbox 957 467 1101 514; x_wconf 82' lang='lat' dir='ltr'>depulit</span> <span class='ocrx_word' id='word_1_369' title='bbox 1134 469 1304 504; x_wconf 77' lang='lat' dir='ltr'>metum?</span> <span class='ocrx_word' id='word_1_370' title='bbox 1327 469 1405 513; x_wconf 78' lang='lat' dir='ltr'>Cui,</span> <span class='ocrx_word' id='word_1_371' title='bbox 1434 481 1577 515; x_wconf 66' lang='lat' dir='ltr'>quaeso,</span> <span class='ocrx_word' id='word_1_372' title='bbox 1606 468 1641 505; x_wconf 89' lang='lat' dir='ltr'>in</span> <span class='ocrx_word' id='word_1_373' title='bbox 1676 469 1740 504; x_wconf 88' lang='lat' dir='ltr'>du-</span> 
     </span>
     <span class='ocr_line' id='line_1_63' title="bbox 955 515 1739 560; baseline 0.001 -9"><span class='ocrx_word' id='word_1_374' title='bbox 955 515 1026 551; x_wconf 86' lang='lat' dir='ltr'>biis</span> <span class='ocrx_word' id='word_1_375' title='bbox 1047 517 1220 551; x_wconf 79' lang='lat' dir='ltr'>aestuanti</span> <span class='ocrx_word' id='word_1_376' title='bbox 1242 521 1278 551; x_wconf 77' lang='lat' dir='ltr'>ct</span> <span class='ocrx_word' id='word_1_377' title='bbox 1319 517 1526 560; x_wconf 82' lang='lat' dir='ltr'>lluctuauti,</span> <span class='ocrx_word' id='word_1_378' title='bbox 1556 527 1630 552; x_wconf 88' lang='lat' dir='ltr'>non</span> <span class='ocrx_word' id='word_1_379' title='bbox 1652 516 1739 552; x_wconf 87' lang='lat' dir='ltr'>sub-</span> 
     </span>
     <span class='ocr_line' id='line_1_64' title="bbox 955 562 1740 610; baseline 0 -12"><span class='ocrx_word' id='word_1_380' title='bbox 955 562 1020 606; x_wconf 85' lang='lat' dir='ltr'>ito,</span> <span class='ocrx_word' id='word_1_381' title='bbox 1035 562 1371 599; x_wconf 79' lang='lat' dir='ltr'>adinvocauonein</span> <span class='ocrx_word' id='word_1_382' title='bbox 1389 564 1477 600; x_wconf 87' lang='lat' dir='ltr'>clari</span> <span class='ocrx_word' id='word_1_383' title='bbox 1496 565 1607 610; x_wconf 76' lang='lat' dir='ltr'>liujus</span> <span class='ocrx_word' id='word_1_384' title='bbox 1623 562 1740 600; x_wconf 87' lang='lat' dir='ltr'>nomi-</span> 
     </span>
     <span class='ocr_line' id='line_1_65' title="bbox 955 609 1738 648; baseline 0.001 -3"><span class='ocrx_word' id='word_1_385' title='bbox 955 611 1014 645; x_wconf 90' lang='lat' dir='ltr'>nis</span> <span class='ocrx_word' id='word_1_386' title='bbox 1028 609 1179 646; x_wconf 78' lang='lat' dir='ltr'>emicuit</span> <span class='ocrx_word' id='word_1_387' title='bbox 1197 610 1408 646; x_wconf 81' lang='lat' dir='ltr'>certitudo?</span> <span class='ocrx_word' id='word_1_388' title='bbox 1425 611 1488 648; x_wconf 86' lang='lat' dir='ltr'>Cui</span> <span class='ocrx_word' id='word_1_389' title='bbox 1510 613 1545 647; x_wconf 87' lang='lat' dir='ltr'>in</span> <span class='ocrx_word' id='word_1_390' title='bbox 1570 610 1738 647; x_wconf 80' lang='lat' dir='ltr'>adversis</span> 
     </span>
     <span class='ocr_line' id='line_1_66' title="bbox 954 657 1736 704; baseline 0.001 -12"><span class='ocrx_word' id='word_1_391' title='bbox 954 657 1156 700; x_wconf 77' lang='lat' dir='ltr'>diffidenti,</span> <span class='ocrx_word' id='word_1_392' title='bbox 1194 658 1428 704; x_wconf 76' lang='lat' dir='ltr'>JaniJamque</span> <span class='ocrx_word' id='word_1_393' title='bbox 1467 658 1672 702; x_wconf 80' lang='lat' dir='ltr'>deficienti,</span> <span class='ocrx_word' id='word_1_394' title='bbox 1706 657 1736 693; x_wconf 91' lang='lat' dir='ltr'>si</span> 
     </span>
     <span class='ocr_line' id='line_1_67' title="bbox 955 704 1736 750; baseline 0 -10"><span class='ocrx_word' id='word_1_395' title='bbox 955 715 1095 740; x_wconf 78' lang='lat' dir='ltr'>nomen</span> <span class='ocrx_word' id='word_1_396' title='bbox 1117 705 1295 750; x_wconf 84' lang='lat' dir='ltr'>adjutorii</span> <span class='ocrx_word' id='word_1_397' title='bbox 1317 706 1456 750; x_wconf 86' lang='lat' dir='ltr'>sonuit,</span> <span class='ocrx_word' id='word_1_398' title='bbox 1479 706 1597 741; x_wconf 78' lang='lat' dir='ltr'>(lcl&#39;uit</span> <span class='ocrx_word' id='word_1_399' title='bbox 1630 704 1736 741; x_wconf 83' lang='lat' dir='ltr'>sorti-</span> 
     </span>
     <span class='ocr_line' id='line_1_68' title="bbox 953 751 1737 798; baseline -0.001 -10"><span class='ocrx_word' id='word_1_400' title='bbox 953 752 1073 788; x_wconf 83' lang='lat' dir='ltr'>tudo?</span> <span class='ocrx_word' id='word_1_401' title='bbox 1101 751 1286 789; x_wconf 87' lang='lat' dir='ltr'>Nimirum</span> <span class='ocrx_word' id='word_1_402' title='bbox 1314 752 1437 788; x_wconf 80' lang='lat' dir='ltr'>morbi</span> <span class='ocrx_word' id='word_1_403' title='bbox 1467 757 1505 789; x_wconf 88' lang='lat' dir='ltr'>et</span> <span class='ocrx_word' id='word_1_404' title='bbox 1537 754 1737 798; x_wconf 79' lang='lat' dir='ltr'>languores</span> 
     </span>
     <span class='ocr_line' id='line_1_69' title="bbox 953 799 1736 845; baseline 0 -10"><span class='ocrx_word' id='word_1_405' title='bbox 953 800 1090 836; x_wconf 81' lang='lat' dir='ltr'>auimae</span> <span class='ocrx_word' id='word_1_406' title='bbox 1113 799 1170 835; x_wconf 85' lang='lat' dir='ltr'>isti</span> <span class='ocrx_word' id='word_1_407' title='bbox 1196 803 1301 845; x_wconf 88' lang='lat' dir='ltr'>sunt;</span> <span class='ocrx_word' id='word_1_408' title='bbox 1322 800 1413 836; x_wconf 78' lang='lat' dir='ltr'>illud.</span> <span class='ocrx_word' id='word_1_409' title='bbox 1446 799 1649 836; x_wconf 81' lang='lat' dir='ltr'>medicina.</span> <span class='ocrx_word' id='word_1_410' title='bbox 1669 801 1736 836; x_wconf 83' lang='lat' dir='ltr'>De-</span> 
     </span>
     <span class='ocr_line' id='line_1_70' title="bbox 953 847 1735 893; baseline -0.001 -10"><span class='ocrx_word' id='word_1_411' title='bbox 953 847 1066 893; x_wconf 89' lang='lat' dir='ltr'>nique</span> <span class='ocrx_word' id='word_1_412' title='bbox 1098 852 1135 883; x_wconf 87' lang='lat' dir='ltr'>et</span> <span class='ocrx_word' id='word_1_413' title='bbox 1171 848 1332 893; x_wconf 82' lang='lat' dir='ltr'>probare</span> <span class='ocrx_word' id='word_1_414' title='bbox 1369 847 1456 884; x_wconf 88' lang='lat' dir='ltr'>licet</span> <span class='ocrx_word' id='word_1_415' title='bbox 1479 859 1486 883; x_wconf 92' lang='lat'>:</span> <span class='ocrx_word' id='word_1_416' title='bbox 1507 850 1639 884; x_wconf 79' lang='lat' dir='ltr'>Invoca</span> <span class='ocrx_word' id='word_1_417' title='bbox 1666 857 1735 891; x_wconf 80' lang='lat' dir='ltr'>me,</span> 
     </span>
     <span class='ocr_line' id='line_1_71' title="bbox 952 894 1737 940; baseline 0 -10"><span class='ocrx_word' id='word_1_418' title='bbox 952 894 1090 940; x_wconf 86' lang='lat' dir='ltr'>inquit,</span> <span class='ocrx_word' id='word_1_419' title='bbox 1112 896 1152 930; x_wconf 82' lang='lat' dir='ltr'>z&#39;n</span> <span class='ocrx_word' id='word_1_420' title='bbox 1169 895 1229 930; x_wconf 79' lang='lat' dir='ltr'>die</span> <span class='ocrx_word' id='word_1_421' title='bbox 1246 896 1512 937; x_wconf 77' lang='lat' dir='ltr'>tribulationis,</span> <span class='ocrx_word' id='word_1_422' title='bbox 1539 906 1663 931; x_wconf 80' lang='lat' dir='ltr'>eruam</span> <span class='ocrx_word' id='word_1_423' title='bbox 1691 898 1737 938; x_wconf 80' lang='lat' dir='ltr'>te,</span> 
     </span>
     <span class='ocr_line' id='line_1_72' title="bbox 953 942 1738 988; baseline 0.001 -11"><span class='ocrx_word' id='word_1_424' title='bbox 953 946 986 978; x_wconf 82' lang='lat' dir='ltr'>et</span> <span class='ocrx_word' id='word_1_425' title='bbox 999 943 1254 988; x_wconf 73' lang='lat' dir='ltr'>honorificabis</span> <span class='ocrx_word' id='word_1_426' title='bbox 1268 953 1336 978; x_wconf 82' lang='lat' dir='ltr'>me.</span> <span class='ocrx_word' id='word_1_427' title='bbox 1352 942 1450 979; x_wconf 86' lang='lat' dir='ltr'>Nihil</span> <span class='ocrx_word' id='word_1_428' title='bbox 1467 942 1520 979; x_wconf 87' lang='lat' dir='ltr'>ita</span> <span class='ocrx_word' id='word_1_429' title='bbox 1535 942 1738 979; x_wconf 79' lang='lat' dir='ltr'>iracundIoe</span> 
     </span>
     <span class='ocr_line' id='line_1_73' title="bbox 953 989 1737 1035; baseline 0 -10"><span class='ocrx_word' id='word_1_430' title='bbox 953 989 1136 1035; x_wconf 86' lang='lat' dir='ltr'>impetum</span> <span class='ocrx_word' id='word_1_431' title='bbox 1157 989 1321 1034; x_wconf 81' lang='lat' dir='ltr'>cohibet,</span> <span class='ocrx_word' id='word_1_432' title='bbox 1341 990 1528 1035; x_wconf 65' lang='lat' dir='ltr'>superbia)</span> <span class='ocrx_word' id='word_1_433' title='bbox 1547 993 1737 1026; x_wconf 90' lang='lat' dir='ltr'>tumorem</span> 
     </span>
     <span class='ocr_line' id='line_1_74' title="bbox 952 1036 1739 1083; baseline 0 -11"><span class='ocrx_word' id='word_1_434' title='bbox 952 1037 1070 1078; x_wconf 84' lang='lat' dir='ltr'>sedat,</span> <span class='ocrx_word' id='word_1_435' title='bbox 1093 1040 1202 1073; x_wconf 88' lang='lat' dir='ltr'>sanat</span> <span class='ocrx_word' id='word_1_436' title='bbox 1218 1037 1347 1074; x_wconf 91' lang='lat' dir='ltr'>livoris</span> <span class='ocrx_word' id='word_1_437' title='bbox 1373 1037 1522 1082; x_wconf 89' lang='lat' dir='ltr'>vulnus,</span> <span class='ocrx_word' id='word_1_438' title='bbox 1542 1036 1739 1083; x_wconf 83' lang='lat' dir='ltr'>restringit</span> 
     </span>
     <span class='ocr_line' id='line_1_75' title="bbox 954 1083 1740 1130; baseline -0.001 -10"><span class='ocrx_word' id='word_1_439' title='bbox 954 1083 1112 1120; x_wconf 70' lang='lat' dir='ltr'>luxurise</span> <span class='ocrx_word' id='word_1_440' title='bbox 1150 1085 1305 1129; x_wconf 84' lang='lat' dir='ltr'>ssuxum,</span> <span class='ocrx_word' id='word_1_441' title='bbox 1332 1085 1535 1130; x_wconf 83' lang='lat' dir='ltr'>exstinguit</span> <span class='ocrx_word' id='word_1_442' title='bbox 1573 1084 1740 1120; x_wconf 89' lang='lat' dir='ltr'>libidinis</span> 
     </span>
     <span class='ocr_line' id='line_1_76' title="bbox 953 1131 1739 1178; baseline 0 -11"><span class='ocrx_word' id='word_1_443' title='bbox 953 1132 1162 1176; x_wconf 82' lang='lat' dir='ltr'>flammam,</span> <span class='ocrx_word' id='word_1_444' title='bbox 1176 1131 1277 1167; x_wconf 89' lang='lat' dir='ltr'>sitim</span> <span class='ocrx_word' id='word_1_445' title='bbox 1296 1136 1482 1178; x_wconf 85' lang='lat' dir='ltr'>temperat</span> <span class='ocrx_word' id='word_1_446' title='bbox 1500 1131 1739 1172; x_wconf 76' lang='lat' dir='ltr'>avaritiae,ac</span> 
     </span>
     <span class='ocr_line' id='line_1_77' title="bbox 954 1178 1741 1226; baseline 0 -12"><span class='ocrx_word' id='word_1_447' title='bbox 954 1180 1068 1215; x_wconf 86' lang='lat' dir='ltr'>totius</span> <span class='ocrx_word' id='word_1_448' title='bbox 1089 1179 1274 1215; x_wconf 78' lang='lat' dir='ltr'>indecoris</span> <span class='ocrx_word' id='word_1_449' title='bbox 1295 1180 1399 1225; x_wconf 82' lang='lat' dir='ltr'>sugat</span> <span class='ocrx_word' id='word_1_450' title='bbox 1425 1179 1670 1226; x_wconf 81' lang='lat' dir='ltr'>pruriginem.</span> <span class='ocrx_word' id='word_1_451' title='bbox 1686 1178 1741 1215; x_wconf 91' lang='lat' dir='ltr'>Si—</span> 
     </span>
     <span class='ocr_line' id='line_1_78' title="bbox 954 1225 1742 1272; baseline 0 -10"><span class='ocrx_word' id='word_1_452' title='bbox 954 1225 1120 1272; x_wconf 89' lang='lat' dir='ltr'>quidem,</span> <span class='ocrx_word' id='word_1_453' title='bbox 1132 1237 1216 1263; x_wconf 90' lang='lat' dir='ltr'>cum</span> <span class='ocrx_word' id='word_1_454' title='bbox 1231 1227 1386 1263; x_wconf 89' lang='lat' dir='ltr'>nomino</span> <span class='ocrx_word' id='word_1_455' title='bbox 1398 1227 1742 1268; x_wconf 84' lang='lat' dir='ltr'>Jesum,hominem</span> 
     </span>
     <span class='ocr_line' id='line_1_79' title="bbox 955 1273 1740 1320; baseline 0 -11"><span class='ocrx_word' id='word_1_456' title='bbox 955 1273 1049 1310; x_wconf 86' lang='lat' dir='ltr'>mihi</span> <span class='ocrx_word' id='word_1_457' title='bbox 1069 1284 1240 1320; x_wconf 86' lang='lat' dir='ltr'>propono</span> <span class='ocrx_word' id='word_1_458' title='bbox 1259 1274 1389 1311; x_wconf 90' lang='lat' dir='ltr'>mitem</span> <span class='ocrx_word' id='word_1_459' title='bbox 1405 1278 1442 1311; x_wconf 89' lang='lat' dir='ltr'>et</span> <span class='ocrx_word' id='word_1_460' title='bbox 1461 1274 1644 1311; x_wconf 88' lang='lat' dir='ltr'>humilem</span> <span class='ocrx_word' id='word_1_461' title='bbox 1661 1284 1740 1310; x_wconf 84' lang='lat' dir='ltr'>eor-</span> 
     </span>
     <span class='ocr_line' id='line_1_80' title="bbox 955 1320 1741 1367; baseline 0 -10"><span class='ocrx_word' id='word_1_462' title='bbox 955 1322 1014 1366; x_wconf 88' lang='lat' dir='ltr'>de,</span> <span class='ocrx_word' id='word_1_463' title='bbox 1033 1320 1253 1367; x_wconf 86' lang='lat' dir='ltr'>benignum‚</span> <span class='ocrx_word' id='word_1_464' title='bbox 1267 1322 1449 1367; x_wconf 88' lang='lat' dir='ltr'>sobrium,</span> <span class='ocrx_word' id='word_1_465' title='bbox 1461 1327 1621 1366; x_wconf 84' lang='lat' dir='ltr'>castum,</span> <span class='ocrx_word' id='word_1_466' title='bbox 1632 1321 1741 1357; x_wconf 90' lang='lat' dir='ltr'>mise-</span> 
     </span>
     <span class='ocr_line' id='line_1_81' title="bbox 954 1367 1741 1416; baseline 0.001 -12"><span class='ocrx_word' id='word_1_467' title='bbox 954 1367 1156 1412; x_wconf 83' lang='lat' dir='ltr'>ricordem,</span> <span class='ocrx_word' id='word_1_468' title='bbox 1177 1372 1213 1405; x_wconf 90' lang='lat' dir='ltr'>et</span> <span class='ocrx_word' id='word_1_469' title='bbox 1230 1369 1332 1405; x_wconf 89' lang='lat' dir='ltr'>omni</span> <span class='ocrx_word' id='word_1_470' title='bbox 1356 1370 1521 1416; x_wconf 86' lang='lat' dir='ltr'>denique</span> <span class='ocrx_word' id='word_1_471' title='bbox 1542 1371 1741 1406; x_wconf 84' lang='lat' dir='ltr'>honestate</span> 
     </span>
     <span class='ocr_line' id='line_1_82' title="bbox 955 1416 1739 1463; baseline 0 -11"><span class='ocrx_word' id='word_1_472' title='bbox 955 1427 999 1452; x_wconf 87' lang='lat' dir='ltr'>ac</span> <span class='ocrx_word' id='word_1_473' title='bbox 1018 1416 1221 1453; x_wconf 88' lang='lat' dir='ltr'>sanctitate</span> <span class='ocrx_word' id='word_1_474' title='bbox 1248 1419 1512 1463; x_wconf 84' lang='lat' dir='ltr'>conspicuum;</span> <span class='ocrx_word' id='word_1_475' title='bbox 1535 1417 1739 1454; x_wconf 88' lang='lat' dir='ltr'>eumdem-</span> 
     </span>
     <span class='ocr_line' id='line_1_83' title="bbox 955 1463 1740 1512; baseline 0.001 -13"><span class='ocrx_word' id='word_1_476' title='bbox 955 1474 1028 1510; x_wconf 85' lang='lat' dir='ltr'>que</span> <span class='ocrx_word' id='word_1_477' title='bbox 1045 1463 1170 1510; x_wconf 85' lang='lat' dir='ltr'>ipsum</span> <span class='ocrx_word' id='word_1_478' title='bbox 1197 1465 1316 1500; x_wconf 89' lang='lat' dir='ltr'>Deum</span> <span class='ocrx_word' id='word_1_479' title='bbox 1339 1466 1654 1512; x_wconf 87' lang='lat' dir='ltr'>omnipotentem,</span> <span class='ocrx_word' id='word_1_480' title='bbox 1676 1464 1740 1510; x_wconf 86' lang='lat' dir='ltr'>qui</span> 
     </span>
     <span class='ocr_line' id='line_1_84' title="bbox 954 1511 1739 1558; baseline 0.001 -11"><span class='ocrx_word' id='word_1_481' title='bbox 954 1522 1021 1547; x_wconf 91' lang='lat' dir='ltr'>suo</span> <span class='ocrx_word' id='word_1_482' title='bbox 1036 1522 1096 1547; x_wconf 89' lang='lat' dir='ltr'>me</span> <span class='ocrx_word' id='word_1_483' title='bbox 1115 1512 1284 1558; x_wconf 79' lang='lat' dir='ltr'>exemplo</span> <span class='ocrx_word' id='word_1_484' title='bbox 1305 1516 1427 1556; x_wconf 88' lang='lat' dir='ltr'>sanet,</span> <span class='ocrx_word' id='word_1_485' title='bbox 1446 1516 1483 1549; x_wconf 90' lang='lat' dir='ltr'>et</span> <span class='ocrx_word' id='word_1_486' title='bbox 1502 1513 1655 1549; x_wconf 75' lang='lat' dir='ltr'>roboret</span> <span class='ocrx_word' id='word_1_487' title='bbox 1672 1511 1739 1548; x_wconf 90' lang='lat' dir='ltr'>ad-</span> 
     </span>
     <span class='ocr_line' id='line_1_85' title="bbox 952 1559 1739 1606; baseline 0.001 -12"><span class='ocrx_word' id='word_1_488' title='bbox 952 1559 1201 1606; x_wconf 80' lang='lat' dir='ltr'>jutorio.Haee</span> <span class='ocrx_word' id='word_1_489' title='bbox 1216 1559 1344 1595; x_wconf 86' lang='lat' dir='ltr'>omnia</span> <span class='ocrx_word' id='word_1_490' title='bbox 1358 1560 1449 1596; x_wconf 88' lang='lat' dir='ltr'>mihi</span> <span class='ocrx_word' id='word_1_491' title='bbox 1463 1559 1573 1596; x_wconf 86' lang='lat' dir='ltr'>simul</span> <span class='ocrx_word' id='word_1_492' title='bbox 1588 1562 1739 1603; x_wconf 88' lang='lat' dir='ltr'>sonant,</span> 
     </span>
     <span class='ocr_line' id='line_1_86' title="bbox 956 1605 1741 1652; baseline 0.003 -11"><span class='ocrx_word' id='word_1_493' title='bbox 956 1617 1041 1642; x_wconf 91' lang='lat' dir='ltr'>cum</span> <span class='ocrx_word' id='word_1_494' title='bbox 1068 1605 1282 1643; x_wconf 86' lang='lat' dir='ltr'>insonuerit</span> <span class='ocrx_word' id='word_1_495' title='bbox 1313 1609 1433 1643; x_wconf 83' lang='lat' dir='ltr'>Jesus.</span> <span class='ocrx_word' id='word_1_496' title='bbox 1464 1608 1577 1644; x_wconf 89' lang='lat' dir='ltr'>Sumo</span> <span class='ocrx_word' id='word_1_497' title='bbox 1609 1607 1741 1652; x_wconf 86' lang='lat' dir='ltr'>itaque</span> 
     </span>
     <span class='ocr_line' id='line_1_87' title="bbox 956 1653 1739 1701; baseline 0.003 -12"><span class='ocrx_word' id='word_1_498' title='bbox 956 1653 1201 1697; x_wconf 74' lang='lat' dir='ltr'>mihimetipsi</span> <span class='ocrx_word' id='word_1_499' title='bbox 1221 1655 1393 1701; x_wconf 81' lang='lat' dir='ltr'>exempla</span> <span class='ocrx_word' id='word_1_500' title='bbox 1413 1655 1459 1691; x_wconf 92' lang='lat' dir='ltr'>de</span> <span class='ocrx_word' id='word_1_501' title='bbox 1480 1654 1646 1696; x_wconf 84' lang='lat' dir='ltr'>homine,</span> <span class='ocrx_word' id='word_1_502' title='bbox 1668 1665 1739 1690; x_wconf 89' lang='lat' dir='ltr'>su-</span> 
     </span>
     <span class='ocr_line' id='line_1_88' title="bbox 957 1701 1741 1748; baseline 0.001 -12"><span class='ocrx_word' id='word_1_503' title='bbox 957 1701 1741 1748; x_wconf 81' lang='lat' dir='ltr'>moetauxiliumaPotente;illa&#39;tamquam</span> 
     </span>
     <span class='ocr_line' id='line_1_89' title="bbox 954 1748 1740 1796; baseline 0.001 -12"><span class='ocrx_word' id='word_1_504' title='bbox 954 1748 1227 1795; x_wconf 87' lang='lat' dir='ltr'>pigmentarias</span> <span class='ocrx_word' id='word_1_505' title='bbox 1259 1750 1415 1796; x_wconf 82' lang='lat' dir='ltr'>species,</span> <span class='ocrx_word' id='word_1_506' title='bbox 1441 1751 1512 1786; x_wconf 87' lang='lat' dir='ltr'>hoe</span> <span class='ocrx_word' id='word_1_507' title='bbox 1546 1753 1740 1796; x_wconf 83' lang='lat' dir='ltr'>tamquam</span> 
     </span>
     <span class='ocr_line' id='line_1_90' title="bbox 955 1796 1740 1834; baseline 0.001 -3"><span class='ocrx_word' id='word_1_508' title='bbox 955 1797 1055 1832; x_wconf 84' lang='lat' dir='ltr'>unde</span> <span class='ocrx_word' id='word_1_509' title='bbox 1084 1806 1217 1832; x_wconf 87' lang='lat' dir='ltr'>acuam</span> <span class='ocrx_word' id='word_1_510' title='bbox 1239 1807 1304 1833; x_wconf 84' lang='lat' dir='ltr'>eas</span> <span class='ocrx_word' id='word_1_511' title='bbox 1327 1808 1335 1833; x_wconf 75' lang='grc' dir='ltr'>ε</span> <span class='ocrx_word' id='word_1_512' title='bbox 1358 1802 1395 1833; x_wconf 85' lang='lat' dir='ltr'>et</span> <span class='ocrx_word' id='word_1_513' title='bbox 1415 1797 1510 1834; x_wconf 85' lang='lat' dir='ltr'>facio</span> <span class='ocrx_word' id='word_1_514' title='bbox 1535 1796 1740 1834; x_wconf 81' lang='lat' dir='ltr'>confectio-</span> 
     </span>
     <span class='ocr_line' id='line_1_91' title="bbox 956 1843 1740 1888; baseline 0.001 -9"><span class='ocrx_word' id='word_1_515' title='bbox 956 1854 1058 1888; x_wconf 88' lang='lat' dir='ltr'>nem,</span> <span class='ocrx_word' id='word_1_516' title='bbox 1081 1843 1139 1880; x_wconf 85' lang='lat' dir='ltr'>eui</span> <span class='ocrx_word' id='word_1_517' title='bbox 1164 1843 1326 1880; x_wconf 84' lang='lat' dir='ltr'>similem</span> <span class='ocrx_word' id='word_1_518' title='bbox 1358 1844 1595 1881; x_wconf 87' lang='lat' dir='ltr'>medicorum</span> <span class='ocrx_word' id='word_1_519' title='bbox 1628 1854 1740 1880; x_wconf 88' lang='lat' dir='ltr'>nemo</span> 
     </span>
     <span class='ocr_line' id='line_1_92' title="bbox 954 1890 1743 1937; baseline 0.003 -11"><span class='ocrx_word' id='word_1_520' title='bbox 954 1890 1079 1927; x_wconf 79' lang='lat' dir='ltr'>facere</span> <span class='ocrx_word' id='word_1_521' title='bbox 1117 1891 1248 1937; x_wconf 87' lang='lat' dir='ltr'>possit.</span> <span class='ocrx_word' id='word_1_522' title='bbox 1278 1893 1355 1928; x_wconf 86' lang='lat' dir='ltr'>Hoc</span> <span class='ocrx_word' id='word_1_523' title='bbox 1390 1892 1457 1930; x_wconf 88' lang='lat' dir='ltr'>tibi</span> <span class='ocrx_word' id='word_1_524' title='bbox 1493 1892 1743 1929; x_wconf 86' lang='lat' dir='ltr'>electuarium</span> 
     </span>
     <span class='ocr_line' id='line_1_93' title="bbox 956 1938 1741 1983; baseline 0.003 -9"><span class='ocrx_word' id='word_1_525' title='bbox 956 1939 1088 1983; x_wconf 87' lang='lat' dir='ltr'>habes,</span> <span class='ocrx_word' id='word_1_526' title='bbox 1110 1949 1131 1975; x_wconf 93' lang='lat' dir='ltr'>o</span> <span class='ocrx_word' id='word_1_527' title='bbox 1159 1938 1287 1975; x_wconf 86' lang='lat' dir='ltr'>anima</span> <span class='ocrx_word' id='word_1_528' title='bbox 1313 1950 1411 1983; x_wconf 77' lang='lat' dir='ltr'>mea,</span> <span class='ocrx_word' id='word_1_529' title='bbox 1438 1939 1674 1977; x_wconf 86' lang='lat' dir='ltr'>reconditum</span> <span class='ocrx_word' id='word_1_530' title='bbox 1702 1939 1741 1976; x_wconf 89' lang='lat' dir='ltr'>in</span> 
     </span>
     <span class='ocr_line' id='line_1_94' title="bbox 956 1986 1744 2034; baseline 0.004 -13"><span class='ocrx_word' id='word_1_531' title='bbox 956 1986 1108 2022; x_wconf 84' lang='lat' dir='ltr'>vasculo</span> <span class='ocrx_word' id='word_1_532' title='bbox 1130 1987 1306 2023; x_wconf 76' lang='lat' dir='ltr'>vocabuli</span> <span class='ocrx_word' id='word_1_533' title='bbox 1333 1988 1458 2033; x_wconf 83' lang='lat' dir='ltr'>hujus,</span> <span class='ocrx_word' id='word_1_534' title='bbox 1483 1988 1584 2034; x_wconf 88' lang='lat' dir='ltr'>quod</span> <span class='ocrx_word' id='word_1_535' title='bbox 1606 1991 1661 2024; x_wconf 86' lang='lat' dir='ltr'>est</span> <span class='ocrx_word' id='word_1_536' title='bbox 1681 1989 1744 2024; x_wconf 87' lang='lat' dir='ltr'>Je-</span> 
     </span>
     <span class='ocr_line' id='line_1_95' title="bbox 956 2033 1741 2081; baseline 0.003 -12"><span class='ocrx_word' id='word_1_537' title='bbox 956 2044 1036 2078; x_wconf 92' lang='lat' dir='ltr'>sus,</span> <span class='ocrx_word' id='word_1_538' title='bbox 1058 2033 1295 2070; x_wconf 80' lang='lat' dir='ltr'>salutiferum</span> <span class='ocrx_word' id='word_1_539' title='bbox 1316 2039 1431 2080; x_wconf 87' lang='lat' dir='ltr'>certe,</span> <span class='ocrx_word' id='word_1_540' title='bbox 1451 2035 1628 2081; x_wconf 91' lang='lat' dir='ltr'>quodque</span> <span class='ocrx_word' id='word_1_541' title='bbox 1649 2034 1741 2071; x_wconf 91' lang='lat' dir='ltr'>nulli</span> 
     </span>
     <span class='ocr_line' id='line_1_96' title="bbox 957 2081 1741 2128; baseline 0.003 -12"><span class='ocrx_word' id='word_1_542' title='bbox 957 2091 1139 2127; x_wconf 85' lang='lat' dir='ltr'>umquam</span> <span class='ocrx_word' id='word_1_543' title='bbox 1160 2081 1252 2128; x_wconf 75' lang='lat' dir='ltr'>pesti</span> <span class='ocrx_word' id='word_1_544' title='bbox 1280 2085 1356 2119; x_wconf 82' lang='lat' dir='ltr'>tuae</span> <span class='ocrx_word' id='word_1_545' title='bbox 1377 2081 1595 2119; x_wconf 80' lang='lat' dir='ltr'>inveniatur</span> <span class='ocrx_word' id='word_1_546' title='bbox 1615 2082 1741 2119; x_wconf 85' lang='lat' dir='ltr'>ineffi-</span> 
     </span>
     <span class='ocr_line' id='line_1_97' title="bbox 957 2128 1743 2176; baseline 0.001 -12"><span class='ocrx_word' id='word_1_547' title='bbox 957 2139 1035 2165; x_wconf 86' lang='lat' dir='ltr'>cax.</span> <span class='ocrx_word' id='word_1_548' title='bbox 1061 2129 1217 2175; x_wconf 88' lang='lat' dir='ltr'>Semper</span> <span class='ocrx_word' id='word_1_549' title='bbox 1237 2128 1306 2166; x_wconf 86' lang='lat' dir='ltr'>tibi</span> <span class='ocrx_word' id='word_1_550' title='bbox 1338 2129 1379 2165; x_wconf 92' lang='lat' dir='ltr'>in</span> <span class='ocrx_word' id='word_1_551' title='bbox 1403 2129 1487 2166; x_wconf 90' lang='lat' dir='ltr'>sinu</span> <span class='ocrx_word' id='word_1_552' title='bbox 1509 2130 1570 2171; x_wconf 83' lang='lat' dir='ltr'>sit,</span> <span class='ocrx_word' id='word_1_553' title='bbox 1593 2140 1743 2176; x_wconf 87' lang='lat' dir='ltr'>semper</span> 
     </span>
     <span class='ocr_line' id='line_1_98' title="bbox 956 2175 1743 2222; baseline 0.003 -11"><span class='ocrx_word' id='word_1_554' title='bbox 956 2175 997 2212; x_wconf 93' lang='lat' dir='ltr'>in</span> <span class='ocrx_word' id='word_1_555' title='bbox 1019 2185 1148 2219; x_wconf 88' lang='lat' dir='ltr'>manu,</span> <span class='ocrx_word' id='word_1_556' title='bbox 1169 2187 1242 2222; x_wconf 91' lang='lat' dir='ltr'>quo</span> <span class='ocrx_word' id='word_1_557' title='bbox 1266 2176 1320 2213; x_wconf 91' lang='lat' dir='ltr'>tui</span> <span class='ocrx_word' id='word_1_558' title='bbox 1342 2187 1474 2213; x_wconf 86' lang='lat' dir='ltr'>omnes</span> <span class='ocrx_word' id='word_1_559' title='bbox 1495 2176 1534 2213; x_wconf 89' lang='lat' dir='ltr'>in</span> <span class='ocrx_word' id='word_1_560' title='bbox 1559 2179 1686 2214; x_wconf 87' lang='lat' dir='ltr'>Jesum</span> <span class='ocrx_word' id='word_1_561' title='bbox 1705 2180 1743 2213; x_wconf 89' lang='lat' dir='ltr'>et</span> 
     </span>
     <span class='ocr_line' id='line_1_99' title="bbox 957 2222 1742 2270; baseline 0.001 -11"><span class='ocrx_word' id='word_1_562' title='bbox 957 2233 1092 2259; x_wconf 87' lang='lat' dir='ltr'>sensus</span> <span class='ocrx_word' id='word_1_563' title='bbox 1119 2222 1350 2269; x_wconf 87' lang='lat' dir='ltr'>dirigantur,</span> <span class='ocrx_word' id='word_1_564' title='bbox 1373 2227 1409 2260; x_wconf 89' lang='lat' dir='ltr'>et</span> <span class='ocrx_word' id='word_1_565' title='bbox 1428 2228 1547 2261; x_wconf 85' lang='lat' dir='ltr'>actus.</span> <span class='ocrx_word' id='word_1_566' title='bbox 1571 2224 1742 2270; x_wconf 86' lang='lat' dir='ltr'>Denique</span> 
     </span>
     <span class='ocr_line' id='line_1_100' title="bbox 957 2270 1743 2318; baseline 0 -11"><span class='ocrx_word' id='word_1_567' title='bbox 957 2274 994 2307; x_wconf 83' lang='lat' dir='ltr'>et</span> <span class='ocrx_word' id='word_1_568' title='bbox 1009 2270 1184 2306; x_wconf 76' lang='lat' dir='ltr'>innitaris</span> <span class='ocrx_word' id='word_1_569' title='bbox 1204 2282 1318 2318; x_wconf 88' lang='lat' dir='ltr'>super</span> <span class='ocrx_word' id='word_1_570' title='bbox 1336 2282 1393 2308; x_wconf 92' lang='lat' dir='ltr'>eo.</span> <span class='ocrx_word' id='word_1_571' title='bbox 1408 2274 1504 2308; x_wconf 83' lang='lat' dir='ltr'>Pone</span> <span class='ocrx_word' id='word_1_572' title='bbox 1520 2283 1588 2317; x_wconf 85' lang='lat' dir='ltr'>me,</span> <span class='ocrx_word' id='word_1_573' title='bbox 1605 2271 1743 2318; x_wconf 85' lang='lat' dir='ltr'>inquit,</span> 
     </span>
     <span class='ocr_line' id='line_1_101' title="bbox 958 2319 1741 2364; baseline 0.001 -10"><span class='ocrx_word' id='word_1_574' title='bbox 958 2321 998 2354; x_wconf 75' lang='lat' dir='ltr'>ut</span> <span class='ocrx_word' id='word_1_575' title='bbox 1023 2319 1254 2362; x_wconf 72' lang='lat' dir='ltr'>siynaculum</span> <span class='ocrx_word' id='word_1_576' title='bbox 1280 2329 1389 2364; x_wconf 81' lang='lat' dir='ltr'>super</span> <span class='ocrx_word' id='word_1_577' title='bbox 1409 2330 1469 2356; x_wconf 78' lang='lat' dir='ltr'>cor</span> <span class='ocrx_word' id='word_1_578' title='bbox 1489 2323 1604 2359; x_wconf 78' lang='lat' dir='ltr'>taum.</span> <span class='ocrx_word' id='word_1_579' title='bbox 1625 2324 1665 2355; x_wconf 79' lang='lat' dir='ltr'>ut</span> <span class='ocrx_word' id='word_1_580' title='bbox 1690 2321 1741 2355; x_wconf 79' lang='lat' dir='ltr'>si-</span> 
     </span>
     <span class='ocr_line' id='line_1_102' title="bbox 956 2366 1739 2411; baseline 0.004 -11"><span class='ocrx_word' id='word_1_581' title='bbox 956 2366 1155 2410; x_wconf 68' lang='lat' dir='ltr'>qnamdam</span> <span class='ocrx_word' id='word_1_582' title='bbox 1181 2375 1289 2411; x_wconf 80' lang='lat' dir='ltr'>super</span> <span class='ocrx_word' id='word_1_583' title='bbox 1317 2367 1506 2402; x_wconf 77' lang='lat' dir='ltr'>brachium</span> <span class='ocrx_word' id='word_1_584' title='bbox 1530 2370 1644 2403; x_wconf 74' lang='lat' dir='ltr'>tuum.</span> <span class='ocrx_word' id='word_1_585' title='bbox 1669 2367 1739 2403; x_wconf 87' lang='lat' dir='ltr'>Sed</span> 
     </span>
     <span class='ocr_line' id='line_1_103' title="bbox 959 2413 1744 2451; baseline 0.001 -2"><span class='ocrx_word' id='word_1_586' title='bbox 959 2414 1029 2449; x_wconf 87' lang='lat' dir='ltr'>boc</span> <span class='ocrx_word' id='word_1_587' title='bbox 1050 2413 1156 2449; x_wconf 88' lang='lat' dir='ltr'>alias.</span> <span class='ocrx_word' id='word_1_588' title='bbox 1180 2414 1287 2449; x_wconf 84' lang='lat' dir='ltr'>Nunc</span> <span class='ocrx_word' id='word_1_589' title='bbox 1314 2424 1402 2450; x_wconf 80' lang='lat' dir='ltr'>vero</span> <span class='ocrx_word' id='word_1_590' title='bbox 1429 2414 1547 2451; x_wconf 90' lang='lat' dir='ltr'>habes</span> <span class='ocrx_word' id='word_1_591' title='bbox 1574 2414 1672 2450; x_wconf 79' lang='lat' dir='ltr'>unde</span> <span class='ocrx_word' id='word_1_592' title='bbox 1706 2417 1744 2451; x_wconf 88' lang='lat' dir='ltr'>et</span> 
     </span>
     <span class='ocr_line' id='line_1_104' title="bbox 958 2459 1742 2503; baseline 0.003 -7"><span class='ocrx_word' id='word_1_593' title='bbox 958 2459 1113 2497; x_wconf 85' lang='lat' dir='ltr'>brachio</span> <span class='ocrx_word' id='word_1_594' title='bbox 1135 2460 1321 2497; x_wconf 82' lang='lat' dir='ltr'>medearis</span> <span class='ocrx_word' id='word_1_595' title='bbox 1340 2465 1376 2497; x_wconf 87' lang='lat' dir='ltr'>et</span> <span class='ocrx_word' id='word_1_596' title='bbox 1395 2462 1512 2498; x_wconf 87' lang='lat' dir='ltr'>cordi.</span> <span class='ocrx_word' id='word_1_597' title='bbox 1537 2463 1672 2503; x_wconf 86' lang='lat' dir='ltr'>Habes,</span> <span class='ocrx_word' id='word_1_598' title='bbox 1689 2461 1742 2498; x_wconf 92' lang='lat' dir='ltr'>in-</span> 
     </span>
     <span class='ocr_line' id='line_1_105' title="bbox 959 2507 1742 2553; baseline 0.004 -10"><span class='ocrx_word' id='word_1_599' title='bbox 959 2518 1088 2553; x_wconf 85' lang='lat' dir='ltr'>quam,</span> <span class='ocrx_word' id='word_1_600' title='bbox 1120 2507 1157 2543; x_wconf 88' lang='lat' dir='ltr'>iu</span> <span class='ocrx_word' id='word_1_601' title='bbox 1194 2508 1348 2545; x_wconf 89' lang='lat' dir='ltr'>nomine</span> <span class='ocrx_word' id='word_1_602' title='bbox 1379 2510 1469 2546; x_wconf 87' lang='lat' dir='ltr'>Jesu</span> <span class='ocrx_word' id='word_1_603' title='bbox 1502 2509 1605 2546; x_wconf 91' lang='lat' dir='ltr'>unde</span> <span class='ocrx_word' id='word_1_604' title='bbox 1637 2512 1742 2546; x_wconf 76' lang='lat' dir='ltr'>artus</span> 
     </span>
     <span class='ocr_line' id='line_1_106' title="bbox 959 2555 1743 2602; baseline 0.003 -11"><span class='ocrx_word' id='word_1_605' title='bbox 959 2559 1043 2591; x_wconf 88' lang='lat' dir='ltr'>tuos</span> <span class='ocrx_word' id='word_1_606' title='bbox 1078 2555 1135 2591; x_wconf 80' lang='lat' dir='ltr'>vel</span> <span class='ocrx_word' id='word_1_607' title='bbox 1162 2565 1299 2602; x_wconf 89' lang='lat' dir='ltr'>pravos</span> <span class='ocrx_word' id='word_1_608' title='bbox 1326 2557 1510 2602; x_wconf 86' lang='lat' dir='ltr'>corrigas,</span> <span class='ocrx_word' id='word_1_609' title='bbox 1527 2557 1585 2593; x_wconf 91' lang='lat' dir='ltr'>vel</span> <span class='ocrx_word' id='word_1_610' title='bbox 1619 2556 1743 2593; x_wconf 86' lang='lat' dir='ltr'>minus</span> 
     </span>
     <span class='ocr_line' id='line_1_107' title="bbox 959 2602 1744 2651; baseline 0.005 -14"><span class='ocrx_word' id='word_1_611' title='bbox 959 2603 1144 2649; x_wconf 86' lang='lat' dir='ltr'>perlectos</span> <span class='ocrx_word' id='word_1_612' title='bbox 1176 2602 1407 2650; x_wconf 80' lang='lat' dir='ltr'>adimpleas3</span> <span class='ocrx_word' id='word_1_613' title='bbox 1435 2604 1615 2651; x_wconf 84' lang='lat' dir='ltr'>itemque,</span> <span class='ocrx_word' id='word_1_614' title='bbox 1642 2604 1744 2641; x_wconf 87' lang='lat' dir='ltr'>unde</span> 
     </span>
     <span class='ocr_line' id='line_1_108' title="bbox 959 2653 1741 2698; baseline 0.001 -12"><span class='ocrx_word' id='word_1_615' title='bbox 959 2653 1043 2686; x_wconf 77' lang='lat' dir='ltr'>tuos</span> <span class='ocrx_word' id='word_1_616' title='bbox 1066 2660 1199 2686; x_wconf 85' lang='lat' dir='ltr'>sensus</span> <span class='ocrx_word' id='word_1_617' title='bbox 1217 2654 1280 2687; x_wconf 88' lang='lat' dir='ltr'>aut</span> <span class='ocrx_word' id='word_1_618' title='bbox 1295 2662 1422 2688; x_wconf 86' lang='lat' dir='ltr'>serves</span> <span class='ocrx_word' id='word_1_619' title='bbox 1437 2663 1482 2688; x_wconf 90' lang='lat' dir='ltr'>ne</span> <span class='ocrx_word' id='word_1_620' title='bbox 1500 2662 1741 2698; x_wconf 83' lang='lat' dir='ltr'>corrumpan-</span> 
     </span>
     <span class='ocr_line' id='line_1_109' title="bbox 959 2697 1692 2745; baseline -0.001 -12"><span class='ocrx_word' id='word_1_621' title='bbox 959 2701 1035 2741; x_wconf 90' lang='lat' dir='ltr'>tur,</span> <span class='ocrx_word' id='word_1_622' title='bbox 1055 2701 1118 2733; x_wconf 89' lang='lat' dir='ltr'>aut</span> <span class='ocrx_word' id='word_1_623' title='bbox 1139 2697 1168 2733; x_wconf 93' lang='lat' dir='ltr'>si</span> <span class='ocrx_word' id='word_1_624' title='bbox 1194 2702 1505 2745; x_wconf 84' lang='lat' dir='ltr'>corrumpuntur,</span> <span class='ocrx_word' id='word_1_625' title='bbox 1529 2710 1652 2736; x_wconf 84' lang='lat' dir='ltr'>sanes.</span> <span class='ocrx_word' id='word_1_626' title='bbox 1673 2712 1692 2732; x_wconf 91' lang='lat'>»</span> 
     </span>
    </p>

    <p class='ocr_par' dir='ltr' id='par_1_4' title="bbox 959 2746 1744 2832">
     <span class='ocr_line' id='line_1_110' title="bbox 1006 2746 1741 2784; baseline 0.001 -4"><span class='ocrx_word' id='word_1_627' title='bbox 1006 2748 1025 2780; x_wconf 83' lang='lat'>5</span> <span class='ocrx_word' id='word_1_628' title='bbox 1051 2746 1234 2782; x_wconf 53' lang='lat' dir='ltr'>Banasam</span> <span class='ocrx_word' id='word_1_629' title='bbox 1273 2758 1475 2784; x_wconf 48' lang='lat' dir='ltr'>itm-‘runica</span> <span class='ocrx_word' id='word_1_630' title='bbox 1518 2758 1647 2783; x_wconf 66' lang='lat' dir='ltr'>ennio</span> <span class='ocrx_word' id='word_1_631' title='bbox 1696 2757 1741 2782; x_wconf 61' lang='lat' dir='ltr'>An</span> 
     </span>
     <span class='ocr_line' id='line_1_111' title="bbox 959 2793 1744 2832; baseline 0.003 -3"><span class='ocrx_word' id='word_1_632' title='bbox 959 2793 1154 2830; x_wconf 69' lang='lat' dir='ltr'>Caium-u.</span> <span class='ocrx_word' id='word_1_633' title='bbox 1175 2814 1220 2820; x_wconf 88' lang='lat'><em>-</em></span> <span class='ocrx_word' id='word_1_634' title='bbox 1240 2794 1293 2831; x_wconf 79' lang='lat' dir='ltr'>De</span> <span class='ocrx_word' id='word_1_635' title='bbox 1315 2794 1386 2832; x_wconf 83' lang='lat' dir='ltr'>hoc</span> <span class='ocrx_word' id='word_1_636' title='bbox 1404 2798 1440 2831; x_wconf 90' lang='lat' dir='ltr'>et</span> <span class='ocrx_word' id='word_1_637' title='bbox 1460 2793 1536 2832; x_wconf 86' lang='lat' dir='ltr'>iam</span> <span class='ocrx_word' id='word_1_638' title='bbox 1561 2793 1661 2831; x_wconf 83' lang='lat' dir='ltr'>dulci</span> <span class='ocrx_word' id='word_1_639' title='bbox 1679 2805 1744 2831; x_wconf 90' lang='lat' dir='ltr'>no-</span> 
     </span>
    </p>
   </div>
  </div>
 </body>
</html>
