1924 3157
198 220 258 252 *2815
616 211 821 247 SECUNDAE
859 212 1018 247 PARTIS
1058 211 1196 245 CAPUT
1236 211 1412 244 Lxxxvi

199 289 297 325 cium
318 286 522 329 modicum,
542 283 648 330 quasi
674 283 786 320 unius
807 283 974 329 capellae,

201 335 300 382 quod
322 337 520 379 postquam
553 331 634 377 quis
656 330 870 374 intraverit,
909 330 976 365 de-

201 382 392 418 scenditur
412 390 477 426 per
497 379 637 425 gradus
649 377 927 424 quinquaginta
941 378 976 411 iu

204 428 398 464 ecclesiam
415 427 461 462 ad
479 425 733 470 sepulchrum,
749 425 812 460 uhi
830 429 884 460 est
900 423 977 469 pul-

203 475 431 512 cherrimum
449 474 566 509 altare
578 482 830 508 marmoreum
852 474 887 506 et
902 481 980 516 cry-

204 528 280 569 pta,
295 534 336 558 ac
355 523 514 567 desuper
531 520 717 555 aedificaia
731 518 888 554 ccclesia
902 518 981 563 pul-

207 570 394 606 cherrima
421 567 598 611 rotunda,
619 570 656 603 et
685 566 854 602 tabulatu
891 563 980 610 lapi-

203 617 273 653 deo
292 617 452 652 discreta
471 614 508 650 in
526 615 706 650 honorem
724 613 838 659 ipsius
855 614 978 647 Beatae

205 663 370 710 Virginis
393 661 582 705 dedicata3
614 662 717 705 cujus
746 662 782 695 in
813 658 979 705 superio-

204 712 306 747 ribus
327 714 489 756 quatuor
513 709 699 744 habentur
721 706 868 750 altaria,
887 708 922 741 et
941 704 979 740 in

206 757 448 795 inferioribus
465 766 580 792 unum
603 757 638 791 in
656 753 837 791 Orientali
858 753 978 798 plaga;

204 809 241 843 et
255 806 301 842 ad
317 805 508 841 dexteram
530 804 812 839 monumentum
824 810 981 836 vacuum

207 853 388 896 cernitur,
422 851 461 887 in
494 861 566 896 quo
600 853 728 885 sancta
761 847 876 883 Maria
907 846 981 882 ali-

207 900 358 947 quando
377 908 556 945 pausasse
586 896 736 939 dicitur,
759 895 825 930 sed
855 904 877 930 a
907 904 981 939 quo

205 948 263 984 vel
285 946 434 992 qnando
457 945 503 980 sit
523 944 662 988 ablata,
685 941 862 978 nescitur.
880 942 982 976 Hanc

207 994 405 1030 ecclesiam
429 992 628 1034 intrantes,
652 990 783 1026 vident
816 989 863 1025 ad
887 989 981 1024 dex—

206 1045 329 1078 teram
367 1040 549 1076 insertam
584 1038 718 1084 parieti
754 1040 915 1083 petram,
945 1037 981 1071 in

206 1100 280 1136 qua
301 1087 482 1124 Dominus
505 1089 628 1128 nocte,
651 1095 726 1131 qua
746 1084 979 1124 tradebatur,

207 1136 339 1175 oravit,
368 1133 536 1180 vestigiis
563 1143 729 1179 genuum
755 1130 862 1177 qnasi
887 1141 981 1166 cerae

207 1183 309 1220 molli
345 1180 551 1229 impressis.
583 1182 628 1216 Et
667 1179 838 1216 solebant
873 1177 911 1214 in
939 1188 982 1213 ea

210 1242 292 1267 esse
319 1229 489 1266 monachi
511 1227 609 1273 nigri
636 1237 719 1263 cum
742 1226 901 1268 Abbate‚
929 1236 982 1261 se-

209 1279 371 1315 cundum
394 1276 563 1322 regulam
582 1274 681 1311 beati
698 1273 891 1310 Benedicti
910 1273 981 1309 Do-

210 1328 311 1362 mino
334 1324 554 1360 servientes.

257 1386 275 1409 2
316 1374 380 1408 Pie
418 1381 590 1407 cnenirun
632 1379 898 1404 conPORALITER
939 1378 983 1403 An

207 1431 332 1456 COELUM
357 1429 552 1455 AssmiiPTA.
577 1437 616 1442 —
644 1416 729 1460 Sed,
749 1426 821 1461 quo
855 1414 986 1451 ordine

208 1470 324 1504 Beata
334 1468 446 1511 Virgo
461 1466 549 1501 hinc
561 1464 606 1499 ad
620 1473 782 1509 superna
794 1461 987 1498 transierit

151 1527 157 1536 ¹
207 1526 338 1559 regna,
351 1514 454 1550 nulla
471 1510 656 1548 catholica
669 1514 797 1546 narrat
812 1509 983 1545 historia.

210 1559 283 1598 Nec
318 1560 508 1597 invenitur
543 1558 642 1605 apud
676 1557 826 1593 Latinos
852 1556 986 1602 aliquis

210 1613 457 1645 tractatorum
491 1607 537 1642 de
570 1606 652 1652 ejus
690 1610 810 1640 mnrte
845 1603 986 1650 aliquid

212 1660 339 1702 aperte
355 1655 507 1698 dixisse,
524 1664 609 1689 cum
626 1663 693 1688 nec
710 1652 790 1698 ipse
808 1651 870 1697 qui
890 1653 987 1687 hanc

212 1708 299 1740 ante
318 1713 466 1739 crucem
487 1700 633 1737 Domini
650 1699 793 1745 acci-pit
812 1702 846 1734 in
865 1709 985 1742 suam,

210 1751 249 1787 id
284 1754 340 1787 est
364 1752 527 1786 ,Ioannes
553 1747 802 1793 Evangelista,
836 1746 882 1782 de
916 1747 987 1782 hoc

210 1797 372 1844 posteris
398 1795 539 1841 aliquid
565 1794 806 1831 retinendum
839 1792 988 1839 scriptis

211 1845 348 1891 legitur
380 1843 592 1880 mandasse.
623 1841 752 1877 Nullus
786 1840 884 1876 enim
917 1842 987 1876 hoc

212 1892 362 1928 fidelius
382 1900 539 1927 narrare
565 1888 699 1935 potuit,
720 1888 748 1923 si
773 1887 865 1923 illud
893 1889 987 1923 Deus

212 1934 850 1981 manifestaremluisset,quamille
861 1936 987 1980 utique

212 1986 277 2033 qui
299 1988 395 2022 hanc
417 1984 655 2020 nutriendam
670 1982 844 2025 suscepit.
860 1984 988 2018 Restat

212 2045 315 2080 ergo,
341 2036 379 2068 ut
397 2033 510 2068 homo
530 2042 606 2066 non
625 2029 857 2066 mendaciter
870 2030 989 2069 fingat

213 2084 398 2126 apertum,
429 2079 528 2125 quod
561 2080 658 2114 Deus
694 2077 810 2113 voluit
834 2087 988 2112 manere

214 2128 413 2164 occultum.
435 2126 539 2162 Unde
555 2127 795 2169 Hieronymus
818 2137 828 2159 ε
852 2139 870 2157 «
888 2126 989 2160 Mon-

214 2179 356 2211 stratur
381 2177 506 2210 autem
528 2172 774 2219 Sepulchrum
801 2172 882 2217 ejus
906 2182 987 2207 cer-

213 2222 388 2258 nentibus
417 2220 536 2264 nobis,
558 2230 678 2262 usque
698 2219 745 2255 ad
763 2230 929 2265 praesens
950 2218 989 2254 in

214 2269 319 2306 valiis
337 2269 519 2313 Josaphat
539 2266 683 2310 medio;
703 2277 786 2312 quae
809 2265 912 2302 vallis
932 2270 990 2302 est

213 2316 311 2352 inter
331 2319 497 2352 montem
520 2314 621 2354 Sion,
636 2317 672 2350 et
688 2319 853 2349 montem
872 2313 990 2349 Olive-

212 2363 241 2399 ti
264 2363 400 2409 posita,
420 2362 483 2398 ubi
503 2361 540 2397 in
563 2362 643 2408 ejus
665 2362 847 2397 honorem
865 2360 988 2396 fabri-

213 2416 296 2446 cata
321 2415 378 2447 est
405 2408 562 2445 ecclesia
588 2408 683 2444 miro
710 2409 879 2444 tabulatu
899 2406 989 2453 lapi-

213 2457 297 2500 deo,
312 2458 351 2492 in
369 2468 440 2502 quo
456 2456 601 2502 sepulta
619 2455 734 2492 fuisse
753 2456 799 2491 ab
815 2454 988 2490 omnihus

215 2505 353 2541 ibidem
373 2503 612 2550 praedicatur,
632 2504 696 2538 sed
713 2513 811 2538 nunc
830 2512 987 2538 vacuum
1008 2546 1011 2547 ⁷

212 2551 452 2587 cernentibus
478 2550 687 2586 ostenditur
709 2561 718 2585 ε
743 2551 822 2585 haec
848 2549 987 2585 idcirco

212 2597 384 2641 dixerim,
407 2599 494 2643 quia
514 2596 620 2632 multi
641 2601 855 2632 nostrorum
879 2596 986 2632 dubi-

214 2649 295 2682 tant
310 2649 434 2681 utrum
447 2649 638 2690 assumpta
651 2643 765 2680 fuerit
781 2643 889 2679 simul
904 2653 987 2679 cum

215 2703 385 2739 corpore,
413 2703 460 2728 an
489 2691 639 2734 obierit,
661 2691 791 2727 relicto
815 2700 985 2736 corpore.

212 2741 405 2784 Quomodo
417 2739 623 2781 auteni‚vel
639 2749 712 2783 quo
726 2742 908 2784 tempore,
925 2742 988 2772 aut

212 2799 234 2824 a
255 2787 391 2833 quibus
416 2785 589 2832 personis
611 2785 890 2821 sanctissimum
908 2795 988 2820 cor-

211 2845 279 2880 pus
297 2835 378 2880 ejus
397 2834 486 2868 inde
505 2832 670 2868 ablatum
695 2832 820 2877 suerit,
839 2832 895 2868 vel
920 2831 983 2867 ubi

1053 281 1338 327 transpositum,
1349 284 1521 317 utrumve
1539 282 1755 326 surrexerit,
1765 293 1825 319 ne-

1053 331 1192 372 scitur;
1213 328 1384 373 quamvis
1403 329 1569 365 nonnulli
1585 334 1752 366 astruere
1766 341 1825 366 ve-

1055 376 1123 411 lint
1152 386 1234 411 eam
1259 376 1337 419 jam
1364 375 1636 420 resuscitatam,
1659 380 1695 412 et
1716 378 1826 413 beata

1053 433 1135 458 cum
1151 422 1299 457 Christo
1315 421 1610 465 immortalitate,
1623 423 1826 460 incoelesti·

1054 471 1121 505 bus
1143 469 1284 505 vestiri.
1299 471 1563 505 Verumtamen
1581 469 1671 515 quid
1691 471 1825 506 horum

1053 518 1179 552 vei-ius
1199 517 1675 563 conseatur,ambigimus;
1694 517 1826 554 melius

1053 567 1180 599 tamen
1203 565 1293 608 Deo,
1315 563 1372 599 cui
1394 563 1485 599 nihil
1507 563 1735 609 impossibile
1755 567 1826 608 est,

1055 610 1335 654 committimus,
1368 621 1480 656 quam
1511 610 1653 656 aliquid
1685 614 1827 648 temere

1055 657 1219 694 diffinire
1248 657 1406 693 velimus
1433 658 1656 694 auctoritate
1684 661 1826 703 nostra,

1056 705 1155 750 quod
1176 705 1379 751 probamus
1402 716 1410 740 :
1433 719 1450 737 »
1472 705 1552 741 haec
1572 707 1826 750 Hieronymus.

1054 754 1106 789 De
1127 753 1198 788 hoc
1214 753 1445 796 ‚itiquscz‘nus
1459 752 1496 788 in
1514 752 1677 799 quodam
1690 763 1828 789 sermo-

1056 811 1101 835 ne
1129 800 1240 846 longo
1266 799 1364 835 inter
1395 803 1520 836 cetera
1549 799 1602 836 sic
1628 799 1732 844 dicit,
1752 811 1829 836 non

1056 851 1183 883 tamen
1211 847 1412 883 asserendo
1437 858 1445 882 z
1477 860 1493 880 «
1519 849 1573 884 De
1597 847 1830 883 sanctissimo

1056 904 1213 940 corpore
1225 900 1414 940 perpetuae
1429 893 1585 940 virginis
1597 895 1723 931 Mariae
1735 895 1832 942 eJus-

1057 951 1129 987 que
1152 952 1267 977 sacrae
1289 941 1424 978 animae
1448 944 1705 987 assumptione
1728 941 1831 988 loqui

1057 988 1313 1034 suscipientes,
1330 989 1400 1024 hoc
1410 988 1534 1033 ipsum
1546 988 1832 1036 dicimus‚qu0d

1058 1037 1094 1071 in
1114 1036 1314 1082 Scripzuris
1334 1040 1532 1082 postquam
1548 1037 1728 1073 Dominus
1749 1047 1832 1072 eam

1056 1082 1094 1119 in
1113 1094 1223 1120 cruce
1243 1083 1424 1130 discipulo
1442 1083 1720 1120 commendavit
1739 1083 1832 1120 nihil

1057 1131 1102 1184 de
1133 1142 1177 1167 ea
1204 1131 1404 1177 reperitur,
1426 1138 1566 1177 praeter
1591 1132 1691 1178 quod
1717 1131 1833 1168 Lucas

1055 1189 1095 1214 1n
1120 1177 1273 1215 Actibus
1296 1182 1580 1224 commemorat,
1600 1178 1724 1215 dicens
1749 1190 1757 1215 :
1785 1179 1835 1214 Hi

1057 1236 1176 1262 omnes
1198 1229 1300 1262 erant
1317 1231 1586 1271 perseverantes
1610 1228 1835 1262 unanimiter

1056 1275 1096 1309 in
1118 1275 1280 1309 oratione
1306 1285 1385 1309 cum
1407 1275 1636 1318 mulieribus,
1659 1277 1692 1310 et
1711 1275 1834 1310 Maria

1059 1322 1176 1356 Matre
1193 1323 1288 1356 Jesu.
1310 1320 1405 1364 Quid
1425 1331 1515 1367 ergo
1530 1321 1576 1357 de
1599 1325 1731 1367 morte,
1745 1320 1835 1367 quid

1059 1368 1105 1403 de
1141 1368 1394 1412 assumptione
1427 1370 1507 1413 ejus
1534 1368 1733 1404 dicendum
1764 1371 1846 1411 est,

1059 1415 1159 1451 unde
1179 1415 1369 1461 Scriptura
1388 1414 1480 1451 nihil
1497 1417 1747 1461 commendat,
1764 1414 1835 1451 nisi

1061 1464 1307 1508 qnaerendum
1327 1462 1487 1503 ratione,
1508 1463 1608 1509 quod
1626 1462 1836 1499 consentiat

1061 1509 1234 1546 veritati?
1254 1510 1334 1546 Fiat
1360 1521 1448 1557 ergo
1475 1509 1558 1557 ipsa
1582 1510 1734 1555 veritas,
1755 1510 1835 1547 sine

1062 1568 1136 1603 qua
1154 1568 1221 1593 nec
1237 1558 1335 1594 valet
1351 1559 1763 1595 aiictoritaS.Mem=›res
1781 1569 1838 1594 ei·-

1067 1615 1113 1649 go
1128 1605 1354 1641 conditionis
1364 1606 1724 1650 humanae,m0rtem
1735 1605 1837 1642 illam

1064 1652 1294 1688 Beatissimae
1326 1654 1574 1699 temporalem
1605 1653 1731 1689 dicere
1762 1663 1838 1689 non

1064 1701 1263 1735 metuimus
1278 1711 1286 1744 ;
1305 1700 1371 1736 sed
1386 1701 1415 1736 si
1431 1711 1513 1737 eam
1528 1699 1686 1736 dicimus
1699 1700 1838 1737 resolu-

1062 1750 1139 1782 tam
1160 1746 1199 1782 in
1217 1758 1455 1784 communem
1475 1747 1730 1794 putredinem,
1747 1758 1838 1784 ver-

1065 1805 1176 1837 mem,
1196 1805 1239 1830 ac
1259 1794 1438 1839 cinerem,
1459 1795 1747 1832 deliberandum
1766 1798 1837 1840 est,

1063 1842 1093 1877 si
1123 1847 1239 1878 tantae
1263 1845 1461 1878 conveniat
1500 1842 1705 1887 sanctitati,
1724 1846 1838 1879 tantae

1062 1888 1157 1924 aulae
1186 1889 1249 1925 Dei
1272 1889 1545 1937 praerogativae.
1568 1889 1713 1926 Scimus
1738 1889 1839 1926 enim

1062 1936 1201 1972 dictum
1220 1937 1341 1982 primo
1360 1937 1520 1983 parenti,
1537 1939 1627 1983 qula
1643 1939 1770 1983 pulvis
1787 1947 1834 1980 cs,

1062 1987 1095 2018 et
1113 1985 1152 2018 in
1168 1986 1354 2030 pulverem
1370 1987 1582 2029 reverteris;
1601 1985 1698 2021 hanc
1714 1983 1840 2021 condi-

1064 2031 1204 2066 tionem
1227 2042 1313 2067 caro
1332 2032 1469 2068 Christi
1491 2033 1623 2076 evasit,
1642 2042 1726 2078 quae
1749 2042 1839 2068 cor-—

1062 2079 1277 2124 ruptionem
1312 2090 1387 2115 non
1425 2078 1624 2123 sustinuit3
1659 2078 1840 2124 excipitur

1064 2135 1152 2171 erg-i
1181 2127 1226 2162 ab
1263 2126 1326 2162 illa
1361 2125 1529 2172 generali
1555 2126 1757 2171 sententia,
1793 2126 1838 2162 de

1063 2172 1215 2219 Virgine
1236 2177 1383 2217 sumpta
1405 2178 1553 2210 natura,
1575 2172 1719 2210 Mulieri
1739 2184 1838 2220 quo-

1063 2230 1135 2265 que
1154 2220 1244 2256 dixit
1262 2222 1358 2257 Deus
1373 2233 1381 2257 ε
1395 2221 1649 2267 Μαίιίρίἱοαὸο
1659 2231 1838 2256 aerumnas

1064 2272 1146 2302 tuas
1181 2280 1191 2302 .·
1226 2270 1265 2303 in
1297 2269 1420 2304 dolore
1452 2271 1595 2315 paries;
1631 2278 1838 2304 aerumnam

1063 2318 1192 2350 sancta
1210 2315 1326 2351 Maria
1345 2317 1535 2359 sustinuit,
1549 2315 1655 2361 cujus
1673 2315 1839 2351 animam

1063 2361 1209 2408 gladius
1228 2362 1417 2399 Passionis
1433 2362 1568 2400 Christi
1583 2362 1837 2409 pertransivit,

1065 2408 1130 2444 sed
1163 2409 1243 2445 sine
1274 2410 1403 2446 dolore
1437 2410 1566 2457 genuit
1592 2409 1723 2454 Maria,
1748 2420 1837 2456 ergo

1065 2455 1246 2502 excipitur
1276 2468 1299 2493 a
1328 2457 1552 2504 quibusdam
1582 2456 1837 2503 generalibus,

1064 2514 1177 2556 quain
1199 2507 1302 2540 tanta
1323 2504 1460 2541 attollit
1483 2503 1675 2550 dignitatis
1697 2514 1837 2550 praero-

1063 2554 1199 2595 gativa.
1223 2553 1259 2588 Si
1283 2563 1372 2598 ergo
1392 2562 1475 2588 eam
1498 2551 1656 2588 dicimus
1678 2556 1838 2587 mortem

1064 2598 1234 2650 subiisse,
1248 2610 1316 2635 nec
1334 2606 1459 2635 tamen
1478 2598 1634 2635 vinculis
1654 2599 1733 2644 ejus
1753 2597 1838 2634 reti-

1064 2655 1158 2687 neri,
1180 2646 1359 2692 numquid
1376 2646 1532 2693 impium
1552 2645 1655 2682 erit?
1670 2644 1706 2682 Si
1726 2644 1841 2680 voluit

1064 2691 1244 2729 Dominus
1252 2693 1439 2740 integram
1449 2696 1605 2730 Matrem
1614 2691 1841 2738 virginitatis

1063 2748 1211 2776 servare
1235 2742 1394 2787 pudore,
1419 2744 1457 2778 et
1481 2752 1547 2777 cur
1573 2750 1648 2776 non
1672 2738 1761 2775 velit
1786 2738 1840 2775 in-

1063 2791 1278 2833 corruptam
1298 2799 1449 2825 servare
1468 2798 1490 2825 a
1509 2785 1720 2834 putredinis
1737 2786 1841 2823 foeto-

1062 2842 1103 2868 re
1119 2834 1136 2869 ἱ)
1162 2836 1348 2881 Numquid
1376 2846 1451 2872 non
1472 2833 1635 2881 pertinet
1657 2833 1705 2870 ad
1725 2832 1841 2870 beni-
