1924 3157
397 124 447 158 DE
486 124 684 158 SABRATO
722 124 894 164 SANCTO,

110 195 244 231 litate?
271 195 327 231 An
357 198 394 231 ut
415 194 564 230 fallor-os
590 194 794 235 diabolum,
820 193 882 240 qui

107 242 270 278 sallendo
293 242 483 278 homini-m
501 241 611 288 vjt=rit
627 242 672 278 de
691 241 885 283 paradiso?

108 290 192 332 Srd,
211 290 340 336 utique
359 290 501 326 vei-itis
520 290 663 326 nullum
684 289 798 325 s.illit:
819 290 883 336 qui

107 337 271 383 ignorat.
309 337 372 379 uui
408 348 480 373 non
522 337 640 373 rrvdit
673 338 884 380 veritatem,

107 384 191 431 ipse
213 395 253 421 se
277 385 384 429 fallit,
407 384 468 430 qui
501 384 696 421 veritatem
716 384 829 425 videt,
849 390 885 421 et

105 431 197 476 odit,
229 432 285 469 vel
325 431 549 472 rontrmnit,
583 432 660 478 ipse
694 444 731 467 se
772 431 881 468 fallit.

104 480 255 517 Veritas
282 485 408 516 autem
428 480 572 516 nullum
595 478 700 515 l'allit.
716 481 769 515 An
785 479 884 522 ideo,

104 530 144 564 ut
163 526 243 575 ipse
266 527 439 564 diabolus
459 538 499 563 se
522 526 699 563 fallet-ct?
720 527 791 563 Sed
816 526 883 562 uti-

106 585 179 622 que
219 575 314 611 sicut
341 575 487 611 Veritas
519 574 660 610 nullum
695 574 810 617 sallit;
833 573 885 610 ita

107 633 182 658 non
196 622 354 658 intendit
372 621 556 667 utaliqnis
569 632 607 657 se
624 621 740 665 sallat,
755 632 884 666 quam-

105 669 160 705 vis
180 671 249 706 hoc
268 670 416 706 dicatur
430 670 567 711 l'acere,
583 679 668 704 cum
683 668 880 715 permittit.

100 718 181 754 Non
203 717 302 754 enim
336 716 571 759 assumpsisti
612 716 821 759 hominem,
845 720 883 753 ut

104 769 138 800 te
173 768 305 801 notum
344 763 529 810 operireS,
553 765 617 800 sed
645 768 683 800 ut
710 763 881 810 ignotum

101 812 282 859 aperires.
308 813 445 848 Verum
486 813 618 855 Deum,
652 822 782 847 verum
819 812 882 847 lin-

102 860 245 896 minrm
270 864 306 896 te
325 860 464 903 dixisti,
484 863 519 896 et
549 858 728 905 operibus
761 864 884 895 osten-

103 907 204 944 disti.
235 909 305 943 Rvs
339 918 406 955 prr
440 917 478 943 se
517 906 586 943 luit
615 907 775 948 occulta.
806 918 882 943 non

103 955 271 991 studiose
293 955 495 991 occultata.
520 955 597 990 Non
623 954 673 990 sic
707 959 763 991 est
785 955 880 990 sacta

101 1006 142 1039 ut
163 1003 475 1041 absconderetur.
497 1002 563 1038 sed
598 1007 636 1038 nt
661 1013 727 1038 sno
750 1003 883 1038 ordine

102 1052 371 1097 pcrticeretnr;
405 1060 471 1085 nec
513 1056 553 1085 nt
584 1049 748 1094 aliquem
787 1050 885 1085 deci-

99 1102 221 1145 peret,
243 1098 307 1133 sed
337 1104 390 1141 ut,
411 1098 738 1143 quemadmodum
774 1107 884 1144 opor-

100 1146 220 1189 tebat,
245 1145 368 1181 fieret.
393 1146 435 1180 Et
459 1144 489 1180 si
510 1144 649 1180 dicitur
681 1146 882 1188 occultata,

102 1203 176 1229 non
199 1196 256 1228 est
274 1192 376 1229 alind
393 1202 520 1239 quam.
537 1203 609 1228 non
630 1195 687 1228 est
707 1193 884 1229 omnibns

102 1240 285 1277 revelata.
308 1241 400 1276 Nam
423 1244 459 1276 et
480 1239 510 1276 si
534 1239 682 1276 Veritas
703 1250 777 1276 non
801 1251 883 1277 om-

102 1288 214 1325 nibus
250 1298 290 1324 se
324 1288 555 1329 manifestat,
577 1287 671 1323 nulli
694 1292 821 1324 tamen
844 1298 884 1324 se

102 1339 230 1382 negat.
246 1332 359 1389 Ergo,
375 1335 544 1374 Domine.
565 1345 632 1371 nec
656 1339 694 1371 ut
717 1335 882 1380 falleres,

103 1394 172 1420 nec
192 1387 235 1419 ut
267 1383 403 1429 aliquis
425 1394 463 1419 sc
483 1384 645 1427 falleret,
669 1382 720 1418 sic
740 1383 881 1428 fecisti3

101 1431 165 1468 sed
187 1434 229 1467 ut
258 1431 401 1467 faceres
423 1430 524 1477 quod
546 1440 582 1466 ei,
615 1431 804 1475 quomodo
828 1431 882 1466 fa-

102 1478 281 1515 ciendum
303 1483 399 1522 erat,
425 1478 464 1514 in
488 1477 647 1514 veritate
669 1488 736 1524 prr
757 1480 885 1514 omnia

101 1525 312 1574 perstitisti.
334 1526 402 1570 Qui
426 1536 516 1571 ergo
539 1535 578 1561 se
602 1525 737 1562 fefellit
758 1527 795 1562 in
820 1530 885 1562 tua

102 1578 271 1613 veritate.
299 1584 372 1609 non
405 1574 450 1610 de
488 1577 539 1617 te,
560 1573 625 1609 sed
659 1575 704 1609 de
732 1573 886 1620 propria

102 1625 296 1668 quaeritur
316 1621 480 1658 filsitnte
499 1633 507 1657 ε
534 1638 548 1651 ‚‚
568 1622 648 1657 baec
670 1622 880 1658 Ansetmus.

149 1685 167 1716 7
192 1670 391 1705 Hummms
426 1680 467 1704 ET
508 1680 723 1705 nnnioxius
751 1669 884 1704 Donixi

102 1727 146 1753 An
183 1727 317 1752 minuat
356 1728 498 1753 runnu
532 1728 812 1752 DESCENDENTIS.
840 1737 884 1742 —

102 1766 309 1801 Praetictus
343 1775 496 1810 quoque
531 1765 635 1801 locus
669 1774 881 1810 supremus,

100 1811 241 1848 scilicet
287 1811 425 1848 limbus
465 1813 620 1848 Patrum
637 1840 646 1856 ‚
688 1815 732 1848 ait
771 1822 883 1858 quem

101 1858 274 1896 Christus
295 1859 626 1897 descendit.sinus
648 1860 809 1895 Abraliae
832 1859 883 1895 di-

105 1907 274 1946 cebatur.
299 1907 387 1954 quia
414 1907 463 1944 ibi
490 1908 681 1944 Abraham
710 1906 778 1943 suit
799 1917 884 1943 cnm

105 1954 326 1998 liberandis,
345 1955 401 1991 cui
423 1954 544 2001 primo
564 1953 824 2001 hujuscemodi
843 1954 883 1990 li-

106 2002 252 2039 beratio
287 2007 343 2039 est
368 2003 572 2049 promis-sa,-
597 2003 663 2039 sed
693 2013 791 2039 nunc
812 2013 886 2039 coe-

107 2050 183 2086 lum
219 2059 436 2097 empyreum
478 2050 582 2087 sinus
617 2051 780 2087 Abrahae
812 2053 883 2094 est,

105 2097 193 2145 quia
216 2097 267 2134 ibi
297 2098 377 2145 jam
410 2101 465 2134 est
492 2098 699 2134 Abraham.
723 2099 752 2133 Α
778 2097 883 2134 nullo

102 2151 228 2182 autcm
245 2145 509 2191 praedictorum
524 2145 692 2182 locorum
702 2149 758 2181 est
768 2149 886 2181 trans-

105 2193 180 2230 itus
200 2194 247 2228 ad
263 2192 394 2238 tilium,
415 2192 487 2229 nisi
511 2193 558 2229 de
579 2193 692 2230 tertio
712 2193 760 2229 ad
779 2203 887 2239 quar·

104 2243 199 2284 tum,
222 2241 292 2276 hoe
325 2243 382 2277 est
407 2240 453 2276 de
482 2239 702 2287 purgatorio
724 2241 770 2276 ad
803 2239 886 2276 lim-

105 2288 194 2324 bum
223 2289 461 2324 Sanctorum.
487 2289 591 2325 Unde
623 2287 774 2335 quando
798 2298 883 2324 can-

105 2338 226 2372 tamus
261 2347 268 2370 :
307 2336 438 2371 Libera
464 2338 608 2372 animus
643 2337 809 2382 fidelium
827 2336 885 2371 cle—

102 2385 313 2436 [unctorum
336 2383 380 2418 de
396 2385 512 2429 poenis
544 2385 698 2428 inferni,
722 2383 886 2420 sumitur

103 2430 154 2468 ibi
176 2430 363 2474 infernus,
383 2440 450 2476 pro
475 2430 714 2478 purgatorio:
735 2431 831 2467 sicut
849 2435 885 2467 et

102 2478 152 2515 ibi
174 2478 337 2514 sumitur
357 2488 425 2525 pro
448 2478 578 2521 limbo.
600 2479 750 2525 quando
773 2477 884 2516 Chri-

101 2530 182 2562 stus
205 2525 343 2562 dicitnr
377 2525 423 2561 ad
452 2526 594 2562 inferos
619 2526 883 2571 descendisse,

102 2573 160 2610 vel
184 2573 374 2609 infernum
397 2573 641 2611 destruxisse.
669 2574 799 2620 Igitur.
824 2585 880 2610 se—

103 2621 270 2657 cundnm
302 2621 531 2664 Greqloriwm
555 2622 654 2668 qu··d
683 2627 770 2658 ante
799 2624 885 2658 l’as-

102 2670 251 2705 sionem
288 2668 475 2714 promisit,
513 2668 550 2705 in
589 2668 883 2705 Rrsurrcctiune

103 2726 171 2752 sua
203 2716 383 2753 Dominus
412 2716 645 2763 adimplevit.
678 2717 720 2753 Si
740 2719 887 2753 exacta-

105 2767 176 2806 tus,
196 2763 334 2810 inquit,
354 2765 458 2808 fuero
487 2776 508 2800 ιι
538 2768 649 2812 terra,
668 2767 791 2802 omnia
811 2769 883 2803 tra-

941 125 979 158 {N
1020 124 1232 158 rxsstoxi:
1272 123 1437 157 DOMINI.
1688 120 1744 152 169

959 195 1043 230 ham
1074 195 1123 229 nd
1148 195 1338 239 meipsum,
1359 201 1488 228 omnia
1508 190 1685 227 videlicet
1703 200 1738 226 e·

959 242 1068 277 lecta.
1092 241 1224 277 Omnia
1251 251 1414 286 namque
1447 240 1574 281 traxit,
1598 237 1661 284 qni
1690 237 1736 274 de

957 288 1088 325 electis
1117 288 1194 324 suis
1225 289 1323 334 apud
1348 288 1487 323 inl'cros
1511 286 1657 322 nullum
1689 296 1744 322 re-

958 336 1083 383 liquit,
1104 346 1197 381 qnos
1224 347 1311 371 ¹snos
1336 335 1370 371 in
1406 335 1480 370 [ide
1519 338 1555 370 ct
1591 333 1740 370 actibus

958 383 1188 429 recognovit.
1213 385 1401 428 Eaepnnsz's
1436 385 1474 418 in
1502 392 1604 417 cruce
1626 382 1742 416 mant-

960 432 1038 475 bus,
1065 432 1251 466 multatus
1279 441 1300 465 ιι
1322 434 1434 473 terra,
1457 431 1611 465 transt&
1634 429 1683 464 ad
1706 432 1740 464 te

958 480 1093 523 omnia,
1121 488 1248 524 precor
1277 481 1309 512 et
1338 478 1479 512 obsecro
1509 481 1554 518 te,
1587 477 1737 521 benique

958 528 1126 564 Domine,
1161 526 1238 560 noli
1264 534 1319 559 me
1348 524 1532 559 dimittere
1576 526 1615 560 in
1643 535 1737 560 coeno

957 574 1363 619 οοηοαρίεοεηεὶιινιινης
1401 573 1504 607 trahe
1529 582 1582 607 me
1608 571 1657 607 ad
1688 575 1735 618 tc,

957 625 996 657 ut
1023 623 1218 666 crucifiqrn·
1233 620 1314 661 tibi,
1339 622 1371 654 et
1400 620 1534 654 mundo
1558 623 1737 660 mortum,

956 670 1026 706 tibi
1056 670 1191 710 vivam,
1218 669 1341 703 vivam
1362 677 1445 702 vero
1459 667 1541 711 jam
1561 678 1632 702 non
1659 678 1736 711 eqo,

956 719 1061 752 vivas
1080 720 1200 752 autem
1215 717 1254 751 in
1272 725 1337 754 me.
1357 715 1511 751 Christe.
1529 713 1739 750 Considera

956 764 1017 800 hic
1047 767 1203 806 attente,
1236 765 1379 808 quanta
1405 761 1472 798 suit
1501 760 1637 798 Christi
1668 762 1740 797 be—

958 811 1123 858 nignitas
1148 811 1187 847 in
1207 811 1395 847 infernum
1421 809 1472 845 sic
1495 807 1737 853 descendero,

958 863 1100 906 quanta
1115 860 1268 902 caritas,
1285 861 1428 904 quanta
1442 856 1650 893 humilitas.
1674 857 1740 892 Po-

957 912 1055 944 terat
1073 908 1175 943 enim
1205 916 1323 943 unum
1352 916 1393 941 ex
1418 904 1574 950 Angelis
1592 903 1676 939 coeli
1693 904 1740 940 ad

958 966 1023 992 eos
1059 955 1224 994 mittvre.
1254 961 1290 990 et
1323 953 1446 989 sai-ere
1480 952 1582 998 ipsos
1610 961 1740 988 servos

958 1013 1045 1039 suos
1067 1001 1235 1046 liberari,
1255 1006 1291 1037 et
1308 1000 1378 1036 sibi
1395 998 1612 1047 praesentari
1628 1002 1741 1045 prout

958 1050 1152 1088 voluissut.
1176 1050 1204 1084 si
1220 1051 1289 1085 hoe
1316 1060 1408 1084 suus
1430 1058 1538 1083 amor
1557 1053 1588 1082 el
1617 1045 1740 1082 humi-

960 1098 1046 1133 litas
1068 1097 1323 1133 sustinuisset.
1353 1097 1423 1132 Per
1439 1096 1601 1141 scipsum
1621 1094 1667 1129 ad
1685 1093 1741 1130 in-

959 1145 1067 1181 ferna
1098 1143 1309 1187 descendit,
1337 1147 1373 1179 et
1413 1154 1485 1178 non
1525 1147 1564 1177 ut
1598 1151 1742 1187 servos,

960 1193 1026 1229 sed
1057 1196 1094 1229 ut
1116 1192 1260 1228 amicos
1285 1190 1466 1227 Dominus
1487 1188 1658 1225 omnium
1678 1199 1743 1225 eos

958 1239 1144 1284 visitavit;
1168 1244 1206 1276 et
1236 1237 1378 1275 ibidem
1407 1248 1526 1284 usque
1564 1236 1613 1273 ad
1642 1236 1743 1273 diem

960 1287 1215 1332 Dominicam,
1233 1296 1351 1333 prope
1364 1295 1560 1329 auroram,
1582 1294 1668 1320 cum
1689 1283 1744 1320 eis

960 1335 1078 1373 stetit.

1009 1386 1028 1419 8
1049 1384 1238 1420 Jumano
1257 1393 1468 1418 smcronuu
1490 1392 1583 1422 onos
1598 1392 1743 1418 menm-

960 1442 1074 1467 Tunus
1102 1442 1222 1466 venir.
1248 1451 1290 1456 —
1317 1429 1583 1466 Jubilaverunt
1621 1428 1740 1465 sancti

962 1480 1094 1515 Patres
1110 1478 1146 1514 in
1163 1488 1230 1514 suo
1253 1477 1431 1522 adventu,
1451 1480 1488 1513 et
1507 1476 1638 1522 repleti
1653 1478 1742 1513 sunt

956 1526 1196 1573 jucunditate
1223 1527 1422 1569 immensa,
1449 1524 1553 1560 omni
1587 1523 1742 1561 miseria

962 1574 1091 1617 procul
1117 1574 1237 1620 pulsa.
1261 1574 1303 1608 Et
1325 1572 1580 1617 procidentes,
1601 1572 1737 1608 adora-

960 1625 1115 1661 verunt2
1139 1624 1176 1656 et
1195 1624 1407 1666 surgentes,
1431 1620 1583 1656 stabant
1603 1618 1640 1655 in
1661 1620 1738 1655 lau-

960 1668 1070 1705 dibus
1094 1672 1131 1704 et
1156 1667 1312 1704 canticis
1335 1677 1462 1703 coram
1491 1677 1550 1712 eo,
1570 1677 1653 1703 eum
1677 1677 1737 1703 re-

960 1716 1130 1752 verentia
1148 1719 1183 1751 ct
1198 1714 1341 1761 ingenti
1359 1715 1626 1751 exsultatione.
1644 1717 1685 1750 Et
1700 1714 1737 1751 in

961 1763 1175 1810 hujusm.‚di
1200 1762 1376 1799 laudibus
1394 1767 1431 1799 et
1452 1762 1608 1798 canticis
1629 1763 1737 1809 etju-

960 1811 1067 1848 bilati
1085 1811 1205 1847 ·nibus
1223 1814 1407 1847 steterunt
1425 1811 1461 1846 in
1478 1810 1596 1846 limbo
1618 1821 1736 1856 usque

961 1869 1078 1906 prope
1099 1869 1276 1896 auroram
1296 1857 1369 1894 diei
1394 1857 1617 1902 Dominicae,
1641 1862 1678 1894 et
1702 1857 1740 1894 in

960 1911 1163 1954 conspectu
1191 1907 1305 1943 etiam
1333 1906 1589 1942 multitudinis
1612 1908 1737 1953 Ange·

960 1954 1083 1991 lorum
1117 1953 1258 1991 ibidem
1292 1952 1559 1990 exsultantium
1590 1952 1740 1999 etjubi-

960 2002 1118 2039 lantium
1137 2012 1222 2039 cum
1241 2001 1308 2038 eis.
1335 2000 1479 2038 Assiste
1500 2005 1536 2038 et
1558 2005 1611 2046 tu,
1635 2012 1678 2038 ac
1698 2001 1737 2037 in

962 2061 1093 2087 vocem
1133 2049 1395 2087 exsultationis
1429 2052 1466 2086 et
1498 2048 1739 2095 jubilationis

960 2108 1131 2146 erumpe,
1147 2098 1450 2144 sanctorumque
1464 2097 1638 2133 melodiae
1655 2101 1739 2134 tuas

961 2157 1092 2193 preces
1118 2145 1331 2192 interpone.
1351 2145 1379 2182 Ο
1409 2155 1522 2191 quam
1557 2144 1665 2181 dulce
1703 2148 1740 2181 et

960 2204 1072 2240 quam
1109 2193 1319 2240 jucundum
1358 2192 1497 2229 talibus
1535 2191 1737 2236 interesse,

959 2241 1016 2277 vol
1035 2241 1168 2277 saltem
1184 2252 1204 2276 a
1228 2240 1339 2287 longe
1360 2239 1451 2276 talia
1471 2239 1733 2287 contemplaril

960 2291 1063 2325 Tunc
1084 2287 1204 2336 portis
1222 2287 1429 2324 interorum
1456 2287 1671 2332 confractis,
1700 2290 1737 2323 et

960 2337 1110 2373 diabolo
1139 2345 1278 2381 magno
1309 2335 1477 2381 alligam,
1502 2335 1646 2382 accepit
1672 2345 1738 2371 eos

962 2383 1143 2421 Dominus
1167 2394 1250 2419 cum
1272 2382 1519 2419 exsultatione
1537 2384 1584 2419 ab
1604 2382 1738 2419 inferis

960 2433 1148 2475 educens;
1175 2437 1212 2467 et
1242 2438 1331 2466 ante
1364 2440 1429 2467 eos
1450 2440 1534 2466 cum
1559 2430 1680 2477 gloria
1702 2433 1739 2466 et

961 2479 1153 2526 triumpho
1194 2478 1303 2515 laetus
1325 2479 1548 2525 procedens,
1577 2482 1739 2515 §ancto-

961 2537 1121 2572 rumque
1136 2525 1300 2562 excrcitu
1315 2530 1535 2570 comitante,
1550 2526 1595 2562 ad
1612 2536 1741 2573 supcr-

961 2586 1004 2611 os
1023 2574 1189 2618 rediens,
1211 2575 1410 2620 posuite··s
1427 2572 1462 2609 in
1482 2573 1659 2620 paradiso
1679 2574 1740 2610 de-

962 2622 1134 2658 liciarum
1157 2625 1193 2658 et
1222 2620 1438 2668 voluptatis,
1463 2621 1524 2667 qui
1548 2625 1605 2657 cst
1627 2621 1673 2657 nd
1694 2621 1738 2657 O·

962 2670 1141 2713 rientem,
1180 2668 1219 2705 in
1257 2668 1438 2705 extremis
1476 2669 1602 2704 maris.
1636 2669 1738 2704 Tunc

961 2728 1072 2754 verus
1094 2718 1253 2754 Samson
1274 2716 1457 2762 moriens,
1478 2715 1654 2753 hostilem
1677 2726 1737 2751 ex-

961 2764 1120 2802 ercitum
1153 2763 1378 2811 prostravit;
1422 2767 1457 2801 ct
1490 2765 1617 2811 Agnus
1656 2762 1737 2799 sine
