1924 3157
555 131 608 166 DE
648 132 776 174 NONA,
815 132 859 166 lN
896 132 1110 166 PASSIONE
1148 132 1322 166 DOMINI.

125 205 259 239 morte.
285 201 405 246 Quod,
426 202 631 238 secundum
652 202 802 242 Bedam,
819 212 903 248 per-

125 249 320 286 cutiebant
348 253 516 296 pectora.
540 251 629 296 quia
662 249 899 296 poenitentiae

124 300 182 333 est
199 300 236 332 et
261 297 382 333 luctus
402 296 599 340 indicium,
621 301 745 344 potest
767 296 899 344 dupli-

124 343 218 380 citer
234 344 392 390 intelligi
413 356 421 380 ε
445 345 523 381 sive
541 346 641 382 enirn
663 355 766 388 eum,
791 345 900 390 cujus

123 390 239 428 vitam
261 392 482 435 dilexerant,
501 392 638 439 injuste
658 393 819 428 occisum
838 392 901 428 do-

124 438 270 483 lebant;
306 440 382 476 sive
405 440 511 486 qu'us
532 443 692 476 mortem
718 450 758 476 se
778 438 898 486 impe-

122 489 244 523 trasse
269 486 521 524 meminerant
548 488 646 524 hune
671 486 709 523 in
739 491 899 523 mortem

122 534 287 580 amplius
306 534 559 581 glorificatum
572 534 809 571 tremebant:
825 533 899 580 pri-

122 591 225 618 mum
249 582 413 628 pertinet
434 583 481 618 ad
521 583 650 623 bonos.
687 582 895 618 seeundum

123 629 171 666 ad
195 631 324 666 malos.
354 629 569 666 Cundolens
603 639 693 674 crgo
717 629 838 676 plora,
861 633 897 665 et

122 679 177 719 tu,
200 687 284 713 cum
305 676 540 721 mulieribus,
563 680 599 712 et
622 676 718 721 aliis,
742 676 772 712 si
797 676 897 722 piam

122 723 289 760 animam
312 725 441 767 habes,
472 728 507 759 et
547 723 692 760 viscera
730 723 895 770 pietatis.

124 771 230 807 Unde
247 773 298 807 ait
317 773 510 807 Ans-almus
530 784 540 806 .·
563 786 580 804 «
604 773 734 818 Stupet
748 774 895 815 curtum,

120 821 223 855 terra
243 819 414 855 miratur.
439 817 534 862 Quid
557 818 626 854 tu?
646 820 725 855 Non
745 818 896 861 mirum,

121 865 151 902 si
180 867 259 903 sole
279 866 513 910 contristato,
537 871 575 902 tu
595 865 896 910 contristaris;si

121 917 224 950 terra
258 913 587 959 contremiscente,
619 914 657 950 tu
685 914 895 950 contremi-

120 960 219 1005 scis,
248 961 278 998 si
300 961 429 999 scissis
450 962 561 1006 saxis,
582 973 647 998 cor
668 965 770 998 tuum
796 962 894 999 scin-

121 1009 241 1053 ditur;
265 1009 294 1045 si
317 1010 495 1046 flentibus
513 1011 619 1056 Juxta
639 1021 788 1046 crucem
812 1021 894 1046 mu-

119 1055 288 1101 lieribus,
311 1063 347 1093 ct.
373 1061 412 1094 tu
439 1057 717 1103 collacrymaris
741 1069 749 1094 ε
773 1071 792 1090 ›>
814 1058 894 1093 haee

117 1104 326 1140 Anselmus.
348 1105 440 1141 Eece
460 1104 574 1150 igitur
596 1106 736 1151 pendet
766 1104 892 1141 Domi-

117 1162 187 1188 nus
209 1153 245 1188 in
268 1162 378 1189 cruce
401 1152 750 1196 mortuusgrecrdit
768 1153 892 1189 multi-

118 1199 208 1236 tudo
220 1203 312 1245 tota,
324 1205 497 1237 remanet
513 1199 756 1236 moestissima
770 1206 892 1237 mater

115 1257 199 1283 cum
213 1248 358 1285 Joanne
369 1252 403 1284 et
419 1249 655 1294 Magdaleua,
670 1252 805 1285 etcum
820 1248 889 1285 du-

115 1295 210 1331 abus
231 1297 308 1332 suis
338 1296 544 1332 sororibuS.
569 1297 641 1333 Sed
675 1296 763 1342 quid
802 1300 890 1333 tunc

116 1346 238 1379 mater
263 1343 451 1380 faciebat?
475 1346 636 1380 Levabat
656 1355 791 1380 manus
811 1354 890 1390 prae

115 1390 240 1427 cordis
261 1390 464 1437 desiderio,
480 1395 638 1438 tangere
651 1392 806 1438 cupiens
824 1392 888 1427 di-

116 1437 256 1474 lectum
294 1449 417 1484 suum,
455 1442 496 1475 ut
530 1440 587 1476 vel
620 1440 672 1475 sie
708 1439 827 1476 dolori
854 1446 887 1476 ct

114 1485 235 1522 amori
269 1486 405 1523 melius
451 1488 645 1523 consulere
692 1487 885 1533 potuisset.

115 1533 282 1580 Cumque
306 1533 408 1571 aliud
426 1534 602 1571 solatium
622 1545 694 1571 non
716 1535 886 1580 haberet,

115 1580 339 1627 sanguinem
359 1584 579 1626 fumantem,
602 1586 640 1618 et
659 1593 702 1618 ex
723 1583 888 1619 vulneri-

114 1628 183 1665 bus
205 1628 284 1665 Filii
312 1631 357 1665 ad
379 1633 520 1666 terram
535 1640 654 1676 usque
668 1629 886 1676 stillantem,

114 1675 231 1713 nimia
254 1687 339 1713 cum
370 1677 550 1714 aviditate
579 1678 886 1723 deosculabatur,

111 1723 151 1760 in
172 1728 319 1761 tantum
342 1728 377 1760 ut
393 1725 505 1761 facies
522 1726 603 1771 eJ'us
623 1725 669 1761 de
687 1736 821 1761 cruore
834 1726 888 1761 Fi-

113 1771 151 1807 lii
167 1773 222 1808 sui
255 1772 364 1809 occisi
387 1773 678 1819 sanguinolenta
700 1773 887 1809 reddere-

114 1823 184 1855 tur.
210 1821 312 1856 Unde
345 1822 591 1866 Auqusttnus,
614 1821 712 1857 inter
746 1825 886 1866 cetera,

110 1866 163 1903 sic
180 1867 251 1903 ait:
273 1882 291 1901 «
311 1870 423 1905 Juxta
437 1879 589 1905 crucem
610 1869 732 1905 stabat
753 1868 884 1914 Maria,

110 1916 355 1952 considerans
374 1916 479 1953 vultu
510 1916 674 1964 benigno
696 1916 884 1953 Christum

110 1964 338 2009 pendentem
377 1963 416 2000 in
453 1964 574 2001 crucis
609 1963 736 2011 stipite
769 1975 883 2010 saevo,

109 2010 344 2057 pedibusque
373 2011 512 2056 nitens,
534 2012 571 2048 in
602 2012 719 2048 altum
749 2023 886 2050 manus

73 2048 77 2065 ²
111 2059 272 2103 levabat,
304 2060 537 2106 amplectens
564 2070 715 2096 crucem
749 2071 884 2098 ruens-

109 2115 182 2152 que
213 2105 251 2142 in
287 2109 414 2143 oscula
448 2107 578 2153 ipsius.
607 2109 657 2143 Ex
685 2118 757 2153 qua
779 2113 884 2154 parte

108 2154 302 2200 sanguinis
324 2155 425 2191 unda
442 2165 592 2191 crucem
614 2155 775 2201 rigabat,
797 2155 884 2192 illuc

108 2211 147 2237 se
167 2202 351 2247 vertebat,
379 2207 419 2238 ut
445 2213 528 2239 eam
557 2203 755 2250 complecti
779 2205 882 2240 vale-

107 2252 177 2292 ret,
200 2260 242 2285 cx
263 2260 336 2295 quo
358 2261 507 2286 sursum
520 2260 658 2287 manus
677 2252 882 2289 extendere

108 2307 182 2332 non
202 2297 364 2333 valebat.
390 2298 549 2335 Volebat
572 2299 747 2345 amplecti
774 2299 882 2335 Chri-

104 2347 204 2396 stum
228 2356 263 2380 in
285 2345 400 2381 ultum
418 2347 734 2392 pendentem,se‹l
749 2358 882 2383 manus

106 2394 192 2427 inde
222 2393 361 2428 frustra
394 2404 553 2430 reversae
574 2393 612 2430 in
647 2405 686 2430 se
709 2395 884 2431 redibant

107 2439 324 2485 comptem.
349 2442 394 2476 Se
417 2440 543 2477 levans
563 2452 584 2477 a
605 2444 719 2484 terra,
734 2453 882 2479 sursum

107 2486 277 2540 erigvbat
298 2488 343 2523 ad
366 2488 553 2524 Christum
572 2501 580 2533 ;
599 2493 635 2525 et
649 2491 737 2536 quia
758 2495 885 2537 tange-

108 2544 148 2570 re
171 2535 261 2570 illud
285 2535 479 2581 nequibat,
509 2537 606 2573 male
634 2537 885 2574 collidebatur

107 2581 155 2618 ad
179 2586 333 2618 terram.
356 2583 486 2633 ,Qu-tis
515 2584 636 2629 pallor
655 2586 882 2632 §inspersu-

107 2629 217 2665 derat
248 2631 416 2675 vultuum
454 2633 560 2677 genis
582 2636 778 2679 :tamen-et
804 2644 883 2679 ore,

107 2676 244 2714 Christi
277 2688 411 2714 cruore
435 2679 886 2718 rubemetratucadentes

107 2729 233 2770 guttas
255 2725 459 2772 sangiunis¹
484 2728 886 2775 ore-samsocltngebat

108 2775 246 2809 terrani
260 2773 616 2822 deosculans.quam
628 2776 771 2814 cruoris
779 2787 830 2811 un
837 2777 889 2812 dm

1695 127 1756 163 ¹35

985 202 1184 245 rigabatb
1200 211 1313 247 quam
1330 200 1427 237 male
1438 202 1527 237 tuuc
1542 199 1596 235 illi
1617 199 1720 236 erat!
1739 211 1756 234 ι)

981 250 1061 286 haec
1088 251 1332 293 Auyustinus.
1355 249 1522 285 Tandem
1546 252 1690 294 ponunt
1718 257 1758 283 se

981 307 1110 333 omnes
1137 298 1184 332 ad
1212 297 1423 333 sedendum
1458 296 1563 342 juxta
1586 304 1755 338 crucem,

980 345 1287 390 contemplantur
1326 344 1507 380 dilectum
1540 352 1664 387 suum,
1687 352 1757 378 ex-

980 395 1149 436 spectant
1179 401 1201 426 a
1233 393 1308 426 Deo
1345 391 1538 430 auxilium.
1565 389 1756 436 quomodo

981 439 1101 486 ipsum
1121 438 1313 484 deponere
1336 439 1498 482 valeant,
1523 441 1560 474 et
1581 435 1755 483 sepelire.

1032 502 1042 522 1
1056 502 1067 522 1
1089 487 1331 522 FRANGUNTUR
1353 496 1541 522 LATRONUM
1563 496 1689 521 cnunA.
1712 504 1758 510 -

979 533 1311 570 Commorantibus
1332 531 1458 577 igitur,
1479 537 1515 568 et
1538 532 1757 569 sedentibus

978 582 1032 618 eis
1069 591 1187 628 prope
1226 589 1389 619 crucem.
1419 583 1455 614 et
1488 578 1759 626 aspicientibus

977 628 1056 665 sine
1085 627 1365 664 intermissione
1400 627 1600 663 Dominum
1627 628 1756 663 Jesum

978 676 1192 712 Christum:
1211 675 1263 712 sie
1282 674 1507 721 pendentem
1525 674 1560 710 in
1573 685 1682 710 cruce
1697 671 1755 709 in-

977 726 1035 760 ter
1052 724 1234 768 latrones,
1248 722 1301 759 sic
1322 723 1479 766 nudum,
1502 721 1555 757 sie
1574 721 1755 773 deturpa-

977 774 1070 808 tum.
1084 771 1136 807 sie
1151 772 1346 808 afflictum.
1363 771 1415 806 sic
1431 772 1684 813 mortuum,et
1700 778 1754 803 stc

976 820 1023 855 ab
1044 819 1221 856 omnibus
1242 816 1486 862 derelictum3
1515 826 1601 853 ecce
1615 815 1751 852 armati

977 867 1081 903 multi
1100 866 1304 903 veniebant
1317 877 1339 901 a
1358 867 1508 905 civitate
1525 874 1658 901 versus
1672 872 1751 906 eos,

977 914 1039 960 qni
1065 914 1217 952 licentia
1242 913 1349 950 Pilati
1376 916 1520 960 habita,
1548 910 1775 960 mittebam,

974 965 1035 998 tur
1054 972 1076 999 a
1093 962 1247 1007 Judaeis,
1267 965 1308 999 ut
1327 962 1418 1008 ipsis
1433 959 1623 1000 crucifixis
1642 961 1774 1006 crura}

975 1010 1254 1055 frangerentur,
1287 1013 1336 1055 ut,
1356 1011 1472 1053 ‚eitius
1494 1010 1750 1058 morerentur,
1771 1026 1773 1028 -

973 1061 1009 1092 ct
1029 1057 1155 1093 taliter
1175 1055 1313 1093 mortni
1335 1058 1559 1104 tollerentur
1583 1056 1630 1092 de
1650 1057 1749 1101 pati-

973 1105 1084 1147 bulis,
1109 1108 1145 1141 et
1171 1104 1433 1151 sepelirentur,
1456 1110 1587 1143 utnon
1607 1103 1646 1138 in
1671 1111 1751 1136 ma-

971 1162 1045 1198 gno
1064 1152 1123 1189 die
1144 1153 1306 1197 sabbati,
1327 1153 1388 1200 qui
1409 1164 1432 1190 a
1459 1161 1618 1199 vespera
1637 1151 1749 1185 sextae

971 1199 1074 1236 seriae
1113 1199 1330 1247 incipiebat,
1367 1205 1404 1237 et
1440 1203 1594 1247 propter
1628 1197 1748 1244 ipsum

970 1249 1184 1292 sabbatum,
1211 1252 1247 1284 et
1267 1251 1423 1295 propter
1440 1250 1578 1285 festum
1601 1255 1749 1292 azymo-

969 1306 1051 1332 rum
1068 1295 1175 1332 x‘alde
1196 1295 1378 1332 solemnis
1395 1300 1491 1342 erat,
1513 1303 1675 1340 corpora
1690 1302 1749 1329 eo-

969 1354 1050 1379 rum
1073 1343 1110 1379 in
1132 1354 1242 1380 cruce
1261 1344 1467 1390 pendentia
1490 1344 1747 1385 remanerent,

968 1393 1004 1426 et
1021 1391 1156 1427 testum
1188 1392 1347 1427 horrore
1369 1391 1539 1428 diuturni
1562 1389 1747 1426 cruciatus

967 1438 1166 1476 soedarent.
1180 1438 1306 1474 Prima
1317 1440 1471 1485 quidem
1480 1437 1562 1474 dies
1577 1437 1745 1488 Paschae,

967 1496 1039 1532 qua
1059 1485 1259 1523 crucifixus
1278 1490 1333 1522 est
1354 1486 1544 1530 Dominus,
1567 1484 1747 1521 solemnis

966 1539 1048 1570 erat
1068 1534 1168 1581 apud
1197 1535 1377 1579 Judaeos;
1414 1533 1584 1571 secunda
1615 1537 1742 1569 tamen

966 1581 1061 1624 dies,
1082 1594 1147 1627 pro
1167 1585 1257 1629 tuuc
1271 1583 1339 1619 i'uit
1356 1582 1575 1627 solemnlor‚
1597 1581 1744 1617 ratione

966 1629 1113 1666 sabbati
1146 1629 1244 1676 apud
1273 1640 1350 1675 eos,
1379 1630 1468 1676 quia
1488 1629 1549 1666 die
1579 1627 1744 1672 sabbati,

965 1688 1049 1722 quae
1065 1677 1163 1713 intra
1185 1680 1337 1714 octavas
1356 1678 1594 1719 occurrebat,
1606 1675 1745 1723 duplex

966 1726 1102 1761 festum
1125 1728 1219 1761 erat.
1240 1726 1327 1761 Ideo
1344 1726 1413 1761 hoc
1431 1726 1634 1768 faciebant,
1655 1722 1745 1769 quia

965 1772 1003 1808 in
1027 1773 1125 1818 Lege
1140 1778 1370 1819 praeceptum
1386 1776 1481 1817 erat,
1503 1778 1542 1809 ut
1558 1772 1745 1808 cadavera

965 1831 1235 1867 suspensorum
1257 1825 1412 1867 propter
1447 1820 1598 1864 delicta,
1626 1828 1745 1866 usque

965 1879 1075 1905 mane
1103 1879 1180 1905 non
1200 1874 1327 1905 essent
1363 1878 1562 1914 suspensa,
1588 1878 1634 1903 ne
1657 1865 1744 1903 inde

965 1916 1197 1963 pollueretur
1215 1919 1329 1953 terra.
1353 1917 1458 1953 Unde
1482 1916 1703 1962 Theophilus
1733 1925 1740 1950 :

965 1978 983 1997 «
1009 1964 1067 2001 Sic
1103 1963 1203 2001 enim
1234 1964 1467 2010 J'ubebantur
1487 1963 1527 2000 in
1548 1964 1646 2009 Lege
1665 1972 1745 1998 non

964 2011 1135 2048 occidere
1150 2012 1266 2048 solem
1279 2011 1316 2047 in
1335 2011 1500 2048 hominis
1510 2010 1747 2058 supplicium

964 2061 1050 2104 Sed,
1074 2060 1212 2096 secund
1221 2070 1281 2096 um
1297 2060 1636 2105 chrysostomum-J
1645 2057 1741 2094 udae'i

962 2108 1031 2144 hoc
1051 2107 1202 2154 quidem
1226 2106 1264 2143 in
1284 2109 1412 2154 parvis
1426 2106 1741 2153 diligentessutit,

962 2155 1081 2193 sedin
1095 2155 1241 2200 magnis
1257 2156 1745 2202 contempseruntpetaeum

962 2207 1103 2240 tantam
1125 2204 1287 2240 fuissent
1310 2201 1459 2250 operati
1472 2201 1747 2239 -audannamtde

961 2251 1022 2288 die
1042 2250 1244 2297 diligenter
1264 2252 1551 2293 ratiocinantur,
1573 2248 1748 2289 eirdelanbv

963 2302 1015 2335 tes
1036 2298 1411 2342 culicem,=casmelum
1426 2295 1754 2343 autemfglutienw

962 2351 1030 2383 tes.
1043 2363 1047 2371 ¹
1058 2345 1380 2393 Appropinquant·
1390 2346 1494 2393 ergo·
1514 2345 1587 2392 ipsi.
1604 2344 1742 2381 Armati

960 2404 1049 2431 cum:
1060 2396 1142 2430 turo
1149 2403 1192 2430 re>
1202 2399 1253 2442 [el-²
1264 2393 1435 2440 strepitu*
1448 2403 1606 2439 magno,
1618 2395 1662 2428 et
1677 2393 1751 2427 vim

961 2442 1105 2478 dentes·
1120 2442 1291 2478 lasti-unes¹
1307 2442 1602 2485 adhuowmvere,
1630 2440 1744 2489 stall·-

960 2492 1052 2536 gunt
1063 2491 1128 2526 ets
1144 2505 1146 2520 ι
1162 2488 1743 2535 erumpet-*occidundumdepo*

963 2541 1072 2579 nunt,
1098 2536 1184 2573 et=in
1196 2534 1363 2583 aliquam
1377 2534 1744 2582 truveamtpnojicien·

960 2585 1023 2629 do,
1048 2596 1094 2621 ne
1116 2583 1279 2628 eleanam
1296 2584 1606 2632 sepeliunt.''-Dtto
1636 2582 1742 2619 mili-

961 2637 1018 2669 tes
1040 2633 1375 2678 fregerunt-utum
1386 2631 1512 2670 *unius-¹
1524 2631 1693 2671 latronis.
1707 2633 1744 2666 et

961 2681 1038 2717 duo
1049 2679 1210 2723 alterius
1217 2691 1244 2725 ς·
1259 2683 1300 2717 ου
1322 2680 1384 2717 sio
1395 2702 1397 2709 ·
1407 2693 1410 2707 1
1421 2680 1530 2716 simul
1556 2680 1744 2715 venerunt

962 2729 1010 2766 ad
1033 2727 1352 2775 Jesumaquiuerat
1373 2727 1534 2764 medium
1687 2746 1690 2754 ι
1727 2750 1733 2756 Δ

1013 2788 1052 2811 ια
1071 2776 1140 2811 san
1169 2777 1315 2816 Gummi
1345 2784 1455 2811 carru
1486 2782 1658 2810 ,trienium
1696 2787 1743 2799 ——n
