1924 3157
515 121 565 154 DE
604 120 853 158 MATU'rtNts,
892 121 932 155 {N
973 121 1187 155 rismum:
1228 122 1393 156 nomm.
1743 124 1782 159 Π

144 191 243 228 dinis
275 190 489 228 concitavit.
518 205 536 224 »
561 190 678 234 Unde,
712 189 920 226 secundum

143 241 411 284 Auqustinum,
444 238 572 274 divina
599 237 698 274 Petri
735 236 921 283 respectio

145 286 237 324 nihii
259 285 361 323 aliud
381 287 462 329 suit,
480 286 551 322 nisi
570 285 723 321 traditio
745 285 778 321 in
794 288 922 321 mente

145 334 239 381 ejus,
263 334 497 380 quotiesjam
514 332 713 369 Dominum
731 336 921 377 negasset,

145 385 181 418 et
201 382 271 418 hoc
292 381 391 428 quod
417 381 594 417 Dominus
613 379 645 415 ri
664 379 919 426 praedixisset;

143 432 254 476 atque
270 429 319 464 ita
340 428 634 465 misericorditer
659 426 818 463 Domino
837 437 921 462 eum

142 476 381 523 respiciente,
402 475 596 522 pinniteret
628 478 664 511 et
686 475 806 517 sseret,
828 473 923 510 sicut

143 524 306 562 solt—mus
322 523 467 560 dicore:
488 522 660 566 Domine,
678 521 822 568 respice
843 532 922 566 me;

143 574 181 608 et
201 570 362 617 respexit
383 581 467 607 eum
487 569 679 613 Dominus,
699 570 760 614 qui
780 569 922 615 absque

143 619 326 665 periculo,
348 617 475 654 divina
497 616 759 653 misericordia
782 615 920 652 libera-

143 670 204 702 tus
225 671 295 702 est.
323 665 546 702 aecor-datus
572 668 624 700 est
654 662 755 700 enim
796 665 923 700 Petrus

142 714 244 750 verbi
263 715 346 749 Jesu
370 713 467 758 quod
490 713 637 747 dixerat
664 724 674 747 .·
703 713 923 757 Priusquam

143 762 266 806 yellus
287 764 421 803 cantet,
441 764 494 795 ter
506 770 558 795 me
571 759 735 803 negabis.
758 760 842 795 Haec
861 769 924 795 au-

142 812 218 845 tem
239 807 450 844 recordatio
480 806 549 843 fuit
566 806 714 842 initium
735 805 921 852 poeniton-

143 857 204 893 tiae
233 856 326 902 ejus.
346 854 449 900 quia,
471 855 679 891 secundum
710 855 920 898 Chrysosto—

143 915 254 944 mum,
278 902 369 938 nihil
392 902 561 938 itacurat
573 901 766 945 delictum,
790 906 827 937 ut
848 911 923 938 me-

143 950 265 987 moria
283 949 432 986 Domini
455 951 648 986 contiuua.
673 949 776 985 Unde
793 948 844 985 ait
861 951 922 985 Be-

142 999 213 1034 da.-
239 1012 257 1032 «
286 997 523 1044 Respiciente
545 1007 632 1032 cum
652 996 826 1040 Domino,
854 998 922 1033 Pe-

143 1049 223 1082 trus
239 1046 284 1082 ad
304 1056 368 1081 cor
387 1055 560 1081 reversus
577 1044 761 1080 maculam
781 1043 923 1089 negati-

143 1092 226 1130 onis
244 1104 320 1129 suae
339 1092 570 1139 poenitentiae
593 1091 768 1138 lacrymis
788 1091 919 1138 tergm

142 1140 231 1187 quia
252 1151 327 1176 non
348 1140 468 1176 solum
490 1150 574 1176 cum
595 1139 718 1185 agitur
737 1138 919 1185 poenitcn-

141 1188 208 1233 tia,
234 1187 480 1224 verumetiam
502 1191 542 1223 ut
563 1193 698 1233 agatur
719 1186 783 1223 Dei
805 1185 919 1222 mise-

140 1235 304 1272 ricordia
330 1233 543 1271 necessaria
571 1238 649 1277 est3
683 1235 782 1271 unde
816 1234 919 1269 Psal-

141 1283 277 1320 mista:
301 1284 492 1329 Usqzeequo
506 1282 735 1318 emaltcibz'tur
750 1283 920 1317 inimicus

140 1342 240 1367 meus
253 1341 362 1377 super
382 1341 448 1371 me,
468 1332 606 1376 respice
637 1333 671 1366 et
691 1330 830 1365 exaudi
849 1340 918 1372 me,

140 1381 290 1415 Domine
307 1380 400 1414 Deus
419 1386 531 1421 meus,
554 1377 591 1414 id
612 1382 666 1414 est
685 1376 864 1413 miserere
884 1380 921 1413 et

142 1426 301 1474 adjuva:
327 1439 343 1459 »
373 1426 452 1461 haec
477 1426 589 1461 Reda.
619 1426 752 1461 Petrus
778 1428 918 1468 autem,

144 1483 376 1521 cognoscens
396 1473 499 1519 quod
535 1472 717 1509 Dominus
738 1482 823 1508 eum
852 1483 918 1508 au-

143 1521 265 1558 dierat
284 1525 321 1558 et
345 1526 574 1565 respexerat,
604 1524 640 1556 et
655 1521 726 1556 hoc
747 1523 919 1566 respectu

144 1568 410 1611 commonitus,
430 1572 463 1603 et
495 1568 543 1604 ad
563 1578 713 1604 amaras
735 1567 919 1614 lacrymas

142 1622 382 1664 provocatus,
405 1626 568 1660 cyressus
585 1617 703 1659 foras,
726 1615 771 1650 de
794 1614 918 1651 medio

143 1664 342 1707 matorum,
361 1665 459 1699 inter
479 1673 574 1709 quos
594 1673 679 1699 eum
700 1666 917 1708 negaverat.

143 1716 180 1748 et
200 1711 349 1756 fugiens
368 1711 405 1746 in
427 1721 594 1755 caveam,
618 1709 734 1746 seuin
756 1710 917 1753 foveam,

141 1769 226 1806 quae
243 1759 353 1795 modo
370 1757 457 1805 galli
473 1761 606 1794 cantus
623 1758 846 1805 appellatur,
861 1760 919 1802 sle-

140 1809 193 1843 vit
213 1818 349 1847 amare,
373 1806 408 1842 id
431 1810 487 1842 est
507 1806 631 1842 cordis
652 1806 710 1842 sui
735 1805 918 1842 amaritu-

139 1854 242 1898 dine.
265 1858 302 1891 et
327 1855 416 1891 fietu
438 1852 690 1894 contritionis,
723 1852 785 1899 qui
813 1863 917 1889 ama-

138 1913 203 1939 rus
215 1907 284 1939 est.
296 1902 420 1940 Fit—tus
431 1906 554 1939 autem
569 1901 780 1937 devotionis
794 1904 849 1937 est
862 1911 919 1936 su-

137 1951 334 1987 avissimus
356 1949 392 1985 in
420 1953 567 1988 tantum
591 1953 628 1984 ut
651 1959 719 1995 pro
743 1948 826 1985 cibo
850 1958 917 1984 re-

139 2001 304 2044 putetur,
327 1999 534 2035 secundum
563 1996 654 2032 illud
676 1995 883 2032 Psalmisiae
909 2008 915 2032 :

137 2047 298 2082 Fuerunt
319 2047 412 2081 mihi
433 2048 602 2089 lacrymae
622 2055 707 2080 meae
722 2055 838 2090 partes
859 2045 918 2079 die

137 2104 180 2129 ac
199 2097 315 2129 nocte.
338 2095 377 2129 In
399 2095 477 2140 ipso
499 2098 624 2128 autem
645 2091 727 2127 loco
752 2091 813 2128 uhi
833 2094 918 2138 post

137 2142 382 2187 negationem
406 2141 521 2184 ilevit,
538 2144 575 2176 et
589 2138 853 2186 poenitentiam
868 2139 917 2176 se-

140 2188 203 2233 cit‚
219 2188 257 2225 in
278 2189 499 2225 memoriam
518 2186 638 2223 amari
656 2188 768 2223 fletus
783 2190 819 2223 et
841 2197 916 2231 poe-

136 2236 304 2273 nitentiae
331 2237 427 2283 ejus,
465 2234 652 2273 {edificata
673 2238 729 2271 est
760 2233 917 2271 ccclesia

135 2283 253 2320 sancti
273 2283 388 2328 Petri,
403 2285 467 2329 qui
490 2285 590 2320 locus
609 2286 666 2319 est
693 2282 792 2318 inter
807 2293 916 2318 mon-

135 2335 212 2368 tem
233 2330 321 2369 Sion
335 2335 371 2368 et
393 2332 581 2368 civitatem
596 2330 818 2367 Jerusaltm.
846 2331 916 2365 Ex-

135 2379 222 2416 inde
243 2384 333 2416 tunc
363 2381 494 2416 Petrus
520 2377 632 2415 traxit
659 2377 695 2413 in
719 2381 917 2414 consuetu-

135 2427 278 2471 dinem,
302 2430 340 2464 ut
362 2426 522 2471 singulis
556 2425 732 2462 noctibus
755 2435 917 2471 surgens

134 2484 157 2511 a
176 2474 299 2521 primo
337 2474 521 2519 gallorum
554 2477 683 2517 cantu,
725 2483 844 2518 usque
866 2473 914 2509 ad

132 2521 266 2559 horam
287 2524 511 2559 matutinam
529 2526 646 2558 staret
665 2520 702 2557 in
724 2521 912 2564 oratione,

134 2570 229 2607 tlens
265 2581 331 2616 pro
365 2569 438 2606 ista
474 2570 705 2617 negatione:
733 2568 787 2605 ita
813 2568 912 2614 quod

132 2617 247 2654 facies
264 2618 344 2664 eJ'us
365 2618 562 2654 videbatur
589 2616 723 2653 adusta
747 2627 790 2652 ex
810 2617 913 2652 fluxu

132 2664 397 2714 lacrymarum,
422 2671 459 2702 et
495 2675 646 2712 semper
674 2663 715 2701 in
735 2664 822 2700 sinu
843 2674 912 2700 suo

132 2713 324 2750 sudarium
343 2714 531 2760 portabat,
555 2723 628 2759 quo
645 2712 778 2748 crebro
796 2712 913 2749 fluen-

132 2764 188 2798 tes
208 2761 395 2809 lacrymas
416 2761 610 2807 tergebat,
635 2758 724 2806 quia
744 2760 911 2806 quando-

997 201 1158 237 cumque
1181 192 1321 237 gallum
1344 196 1559 230 cantantem
1581 194 1776 240 audiebat,

997 239 1777 290 etquandocuuiquedenegationemtlhri-

997 289 1043 321 sti
1067 286 1268 329 recolebat,
1293 288 1530 325 amarissime
1557 290 1669 325 uehat
1699 294 1773 326 tam

999 338 1234 385 pru-peccato
1247 335 1475 381 negationis,
1491 347 1602 382 quum
1615 347 1681 383 pro
1698 338 1777 373 dul-

997 380 1131 416 cedine
1151 390 1291 416 amoris
1313 383 1472 419 Domini.
1492 385 1610 427 Unde,
1638 396 1773 421 secun-

997 427 1086 463 dum
1104 428 1410 474 Clu-ysoscomum,
1424 432 1537 467 tlebat
1551 434 1683 468 Petrus
1700 444 1771 468 nou

997 478 1152 521 propter
1178 486 1350 521 poeuam;
1378 478 1457 522 sed,
1480 478 1568 523 quia
1595 479 1772 516 ditet-tum

1001 527 1218 575 negaverat,
1237 524 1339 569 quod
1358 524 1390 560 ei
1405 526 1573 571 quolibet
1591 527 1773 572 supplicio

999 570 1188 606 molestius
1210 574 1304 606 erat.
1322 573 1483 609 Attende
1500 585 1599 609 nunc
1622 575 1683 611 ubi
1705 576 1775 611 Pe-

998 620 1079 653 trus
1106 617 1274 663 negavit,
1297 622 1334 654 et
1361 619 1446 665 suge
1472 631 1623 657 omnem
1651 622 1773 658 locum

998 665 1064 710 qui
1081 666 1321 702 occasionem
1340 667 1518 711 peccandi
1534 668 1689 705 inducit.
1705 672 1776 706 L'n-

999 713 1045 748 de
1074 713 1316 749 Ambrosz'us:
1339 728 1356 747 (ι
1381 715 1447 750 Utii
1473 718 1598 751 tamen
1626 719 1776 760 net-avit

1000 760 1164 796 Petrus?
1183 761 1262 796 Non
1289 762 1324 797 in
1347 766 1487 806 monte,
1515 774 1589 799 non
1617 763 1651 799 iu
1678 760 1774 800 tem—

998 807 1074 853 plo.
1107 818 1182 844 non
1205 807 1241 843 in
1265 819 1333 844 sua
1359 809 1490 851 domo:
1513 811 1578 846 sed
1606 810 1642 846 in
1669 822 1773 858 pru:-

1000 856 1096 891 torio
1114 855 1348 899 Judaeorum,
1361 860 1397 892 et
1415 858 1449 893 in
1468 858 1580 894 domo
1595 858 1774 906 principis

999 902 1253 939 sacerdotum.
1272 903 1323 940 Ibi
1343 908 1465 949 negat,
1483 906 1543 942 ubi
1559 906 1772 952 Jesusliga-

998 953 1056 986 tus
1073 953 1143 992 est,
1168 950 1229 987 ubi
1264 951 1405 987 veritas
1423 963 1499 989 non
1533 957 1602 989 est.
1630 968 1646 987 »
1668 952 1773 991 Unde

998 1001 1035 1033 et
1056 999 1317 1042 Hieronymus:
1349 1012 1365 1032 (ι
1393 1002 1432 1035 Iu
1458 999 1555 1037 atrio
1590 1012 1673 1037 cum
1697 1002 1773 1038 mi—

998 1044 1127 1081 nistris
1148 1046 1319 1082 caletacit
1338 1057 1378 1082 se
1393 1048 1440 1083 ad
1463 1047 1586 1093 ignem
1605 1061 1612 1084 :
1635 1050 1771 1086 atrium

997 1093 1216 1145 sacerdotis,
1257 1093 1433 1131 circuitus
1469 1102 1526 1131 est
1563 1097 1742 1133 secularis
1764 1109 1773 1142 ;

998 1141 1176 1185 ministri,
1203 1141 1389 1178 daemonia
1408 1148 1495 1179 sunt
1516 1155 1524 1186 ;
1548 1143 1658 1189 ignIS.
1683 1145 1774 1181 desi-

998 1187 1145 1224 derium
1168 1190 1333 1234 carnale,
1353 1201 1436 1226 cum
1450 1190 1588 1236 quibus
1609 1192 1670 1238 qui
1695 1203 1773 1228 ma-

997 1239 1073 1277 net,
1097 1236 1188 1273 flere
1221 1240 1372 1283 peccata
1394 1248 1470 1274 non
1492 1242 1636 1285 potest:
1664 1256 1676 1272 »
1696 1241 1776 1277 haec

997 1285 1251 1329 Hieronymus.
1275 1283 1366 1321 Hinc
1390 1290 1491 1330 uota,
1514 1287 1615 1333 quod
1637 1288 1774 1324 malum

998 1335 1055 1366 est
1076 1331 1291 1368 conversari
1327 1334 1363 1368 in
1394 1333 1508 1370 curiis
1540 1340 1773 1381 magnatum,

999 1379 1129 1431 Petrus
1150 1379 1250 1415 enim
1278 1381 1395 1416 semel
1426 1381 1571 1418 curiam
1602 1382 1771 1427 intravit,

996 1429 1032 1461 ct
1068 1426 1117 1478 ibl
1157 1426 1275 1463 animi
1315 1428 1482 1474 vigorem
1520 1430 1698 1476 perdidit,
1733 1435 1770 1466 et

996 1473 1183 1510 Christum
1219 1477 1380 1520 negavit.
1413 1476 1522 1520 Quid,
1563 1479 1591 1514 si
1622 1477 1684 1513 diu
1720 1477 1771 1514 ibi

997 1521 1228 1558 mansisset?
1262 1523 1365 1559 Unde
1387 1535 1461 1560 non
1483 1523 1547 1568 ibi,
1583 1526 1647 1562 sed
1683 1525 1774 1562 soris

995 1568 1184 1614 poenituit.
1209 1569 1269 1606 Sic.
1289 1570 1398 1607 stella
1423 1582 1445 1607 a
1461 1572 1578 1618 Magis
1613 1575 1648 1608 in
1671 1573 1774 1609 curia

998 1616 1155 1668 Herodis
1175 1617 1375 1663 disparuit,
1394 1620 1530 1665 quibus
1546 1619 1632 1657 inde
1652 1631 1773 1666 egres-

996 1674 1045 1699 sis
1066 1664 1297 1710 reapparuit.
1329 1665 1445 1702 Exivit
1477 1666 1604 1711 itaque
1643 1666 1774 1705 t'etrus

996 1710 1042 1746 de
1069 1711 1165 1764 atrio
1189 1712 1378 1759 principis,
1404 1717 1444 1750 ut
1467 1714 1629 1751 liberum
1649 1715 1771 1752 locum

997 1759 1304 1812 ssendlitaberet,
1320 1760 1521 1807 quiainter
1542 1762 1678 1808 impios
1698 1774 1774 1810 ρω-

996 1810 1192 1842 nitentiam
1216 1818 1328 1853 agere
1355 1820 1429 1845 non
1449 1810 1612 1855 valebat,
1632 1815 1668 1847 et
1689 1822 1771 1847 cum

996 1854 1106 1906 vetlct
1122 1855 1212 1891 flere
1225 1866 1398 1902 egres-us
1411 1860 1467 1893 est
1489 1858 1615 1894 foras:
1646 1860 1771 1905 palam

994 1912 1093 1937 enim
1126 1904 1215 1939 flere
1239 1914 1313 1939 uon
1336 1905 1514 1948 audebat,
1552 1917 1598 1942 ne
1627 1906 1772 1943 scilicet

993 1950 1039 1985 ab
1062 1949 1146 1986 aliis
1166 1949 1369 1994 videretur,
1393 1957 1430 1989 et
1449 1963 1471 1989 a
1497 1954 1672 2000 iacrymis
1698 1954 1771 1990 de-

993 1998 1304 2043 prehenderetur.
1328 2001 1368 2035 In
1389 2011 1462 2046 quo
1479 2006 1515 2037 et
1530 2012 1598 2038 nos
1618 2000 1771 2038 instrui-

996 2056 1092 2085 mur,
1116 2049 1156 2081 ut
1178 2046 1344 2083 volentes
1376 2047 1552 2085 insistere
1581 2050 1770 2095 lacrymiS,

993 2096 1178 2128 secretum
1201 2093 1562 2141 locumquaeramus.
1587 2097 1690 2132 Unde
1710 2099 1771 2133 Be-

992 2140 1064 2175 da:
1091 2156 1105 2171 u
1125 2141 1241 2184 Quam
1257 2142 1387 2178 nociva
1407 2154 1497 2180 sane
1513 2144 1679 2190 alloquia
1692 2155 1771 2191 per·

992 2187 1153 2240 fidorum
1174 2189 1181 2224 1
1216 2190 1351 2226 Petrus
1390 2190 1489 2227 inter
1527 2193 1677 2228 Judaeos
1713 2192 1771 2229 vel

992 2236 1184 2272 hominem
1207 2247 1248 2272 se
1270 2248 1378 2274 nosse
1400 2241 1549 2285 negavit
1574 2250 1689 2284 quem
1711 2239 1770 2276 in·

992 2286 1049 2319 ter
1069 2283 1346 2331 condiscipulos
1369 2285 1433 2322 Dei
1464 2287 1596 2323 Filium
1617 2288 1772 2324 conses-

992 2341 1056 2367 sus
1082 2337 1176 2367 erat.
1209 2332 1281 2368 Sed
1318 2343 1387 2369 uec
1424 2333 1462 2370 in
1493 2334 1590 2371 atrio
1619 2334 1771 2381 Caiphae

993 2382 1161 2431 retent-us
1182 2384 1330 2425 poterat
1353 2391 1466 2427 agere
1490 2382 1768 2428 poenitentiam,

991 2426 1188 2478 egreditur
1206 2427 1306 2463 soras
1332 2432 1370 2464 ut
1391 2430 1438 2465 ab
1460 2429 1662 2476 impiorum
1685 2441 1770 2467 con-

991 2474 1077 2509 cilio
1100 2475 1436 2519 secretus‚pavidae
1460 2477 1672 2523 negationis
1689 2489 1770 2514 sor-

992 2522 1059 2557 des
1078 2521 1206 2574 liberis
1228 2522 1379 2560 fletibus
1397 2524 1545 2561 abluat:
1567 2539 1585 2558 »
1612 2527 1690 2562 tiaec
1709 2527 1770 2562 Be-

991 2569 1052 2604 da.
1077 2569 1135 2622 Sic
1156 2569 1267 2606 hodie
1297 2571 1403 2607 multi
1428 2571 1462 2607 in
1491 2572 1588 2609 atrio
1613 2583 1770 2620 magno-

990 2627 1074 2669 rum
1097 2617 1318 2663 introducti,
1338 2618 1527 2656 Christum
1549 2621 1658 2657 malis
1678 2631 1767 2667 ope-

990 2665 1275 2718 ribus-negant,
1303 2672 1340 2703 et
1367 2667 1424 2703 vix
1452 2672 1516 2704 aut
1545 2679 1766 2715 numquam,

987 2712 1078 2749 dum
1099 2712 1151 2749 1b1
1171 2716 1271 2754 suut.
1291 2714 1492 2760 poenitent,
1517 2716 1606 2763 quia
1632 2716 1667 2752 in
1691 2726 1765 2752 ma-

988 2763 1143 2806 gnatum
1172 2760 1346 2800 domibus
1380 2774 1460 2800 non
1491 2769 1546 2801 est
1577 2773 1765 2809 congruus
