1924 3157
596 156 728 191 INDEX
769 152 1020 188 GENERALIS
1065 152 1233 187 RERUM·
1681 148 1737 180 ‘sot

415 243 580 269 rAvaLl.

104 309 277 346 Parvulis
316 303 504 355 quomodo
552 303 756 340 debeamus
804 313 885 339 esse

153 355 311 393 similes.
750 349 820 394 ΙΙΙ,
839 353 883 386 32

103 403 348 442 Conditiones
366 404 620 449 parvulorum.
738 397 809 442 ΙΙΙ,
834 401 879 434 52

105 449 341 495 Suscipiendi
373 454 460 487 sunt
490 447 642 497 parvuli
677 444 715 482 in
745 444 882 481 Christi

152 497 317 535 nomine.
746 492 815 529 ΙΙΙ,
838 495 882 528 55

103 547 155 583 De
196 546 367 592 parvulis
396 552 604 592 numquam
631 540 884 577 scandalizan-

150 592 221 630 dis.
551 589 620 634 ΙΙΙ,
639 592 684 624 56
705 592 738 624 et
764 599 873 634 seqq.

412 674 561 701 PASCHA.

101 737 243 774 Pascha
285 734 396 772 variis
439 735 561 771 modis
612 733 810 778 accipitur,
849 735 886 770 et

149 783 249 837 unde
270 783 431 820 dicatur.
580 782 650 827 ΙΙΙ,
670 786 739 829 ὄις)
757 786 790 817 et
813 784 883 817 520

100 830 196 878 Quid
221 831 270 868 sit
290 832 430 867 Pascha
468 830 668 878 mysticum
704 828 884 866 Christia-

147 889 297 916 norum.
719 876 787 917 Ili,
817 880 884 914 502

393 962 598 987 PASCHALIS.

98 1025 278 1062 Paschale
296 1029 443 1071 tempus
461 1034 484 1061 a
504 1023 652 1060 Christo
675 1027 732 1059 est
749 1032 882 1057 conso-

150 1075 312 1108 cratum.
724 1068 789 1111 IV,
814 1072 880 1113 244

100 1121 275 1156 Paschali
299 1122 469 1166 tempore
500 1122 554 1156 est
587 1116 760 1155 habenda
782 1127 883 1151 sum-

148 1177 211 1204 ma
238 1165 404 1204 devotio.
721 1164 788 1207 IV,
816 1167 878 1208 244

407 1262 556 1288 PASSER.

99 1327 230 1362 Passer
249 1333 323 1359 non
345 1321 444 1358 cadit
465 1320 546 1357 sine
566 1322 657 1357 Deo.
766 1319 814 1358 Il.
840 1323 884 1356 58

99 1372 197 1418 Quid
235 1373 322 1408 sunt
356 1369 430 1406 duo
473 1378 641 1416 passeres
681 1366 719 1404 in
770 1378 884 1403 scnsu

146 1418 321 1468 mystico.
769 1414 818 1460 IL
838 1418 882 1463 59

338 1498 461 1525 PASSIO
491 1498 642 1526 CHRISTI.

102 1564 274 1603 Passioni
312 1560 449 1599 Christi
485 1570 618 1595 omnes
653 1559 882 1595 conformari

149 1613 344 1650 debemus.
726 1606 790 1646 ΙΙΙ,
819 1610 879 1650 142

99 1660 290 1699 Passionis
320 1656 462 1694 Christi
494 1654 619 1692 brevis
653 1654 765 1690 datur
797 1665 881 1700 syn-

149 1706 261 1754 opsis.
582 1701 648 1745 IV,
676 1705 738 1748 157
759 1706 793 1737 et
819 1704 882 1738 158

102 1756 227 1794 Passio
250 1751 385 1790 Christi
420 1751 457 1788 in
493 1749 596 1787 omni
628 1753 753 1793 rotate,
776 1755 808 1785 et
845 1748 882 1785 in

148 1800 325 1839 omnibus
372 1799 565 1837 membris,
614 1800 650 1833 et
699 1797 734 1832 in
780 1796 881 1833 omni

146 1855 333 1895 tempore.
489 1845 557 1886 ΙΙΙ,
580 1848 648 1891 5ι7
674 1848 706 1880 et
723 1844 788 1887 IV,
817 1848 879 1891 ¹57

100 1900 186 1937 Tria
206 1895 400 1944 principue
417 1894 453 1930 in
473 1895 646 1930 Passione
668 1891 814 1928 Domini
836 1892 883 1927 ad

147 1943 409 1993 poenitentiam
431 1939 655 1988 spectantia.
682 1939 748 1984 IV,
771 1955 790 1986 7
809 1943 841 1975 cc
863 1942 883 1975 8

103 1996 154 2032 De
192 1993 379 2030 Passionis
417 1987 709 2025 circumstantiis
742 1999 749 2023 :
784 1987 881 2029 loco,

147 2044 334 2087 tempore,
353 2047 518 2085 persona
531 2036 722 2083 patientis.
743 2045 883 2081 genere

147 2087 296 2129 mortis,
319 2090 390 2122 Οἱς.
634 2081 702 2122 IV,
721 2098 741 2129 9
760 2086 792 2117 θί
819 2085 881 2129 157

100 2137 288 2175 Passionis
307 2133 445 2171 Christi
466 2130 647 2178 gravitas.
673 2129 738 2168 IV.
765 2133 784 2165 8
808 2134 840 2163 et
863 2147 883 2177 5,

102 2187 143 2222 ln
175 2184 351 2221 Passione
384 2191 451 2216 sua
483 2183 574 2226 quot
612 2177 782 2214 Christus
818 2179 883 2214 ha—

149 2232 274 2268 buerit
295 2230 465 2265 vulnera.
685 2225 750 2266 IV,
772 2228 792 2260 5
811 2229 844 2260 ci
864 2229 882 2269 Ι,

101 2280 289 2317 Passionis
319 2274 453 2314 Christi
483 2273 659 2310 meritum
693 2276 729 2309 et
752 2284 817 2318 pro
841 2284 886 2308 ca

150 2326 360 2375 gratiarum
382 2323 494 2360 actio.
727 2319 792 2358 IV.
820 2323 883 2355 163

103 2377 156 2413 De
176 2373 378 2410 virtutibus
393 2381 478 2416 quse
499 2369 538 2405 iu
559 2369 730 2404 Passionc
748 2367 882 2403 Christi

150 2423 290 2460 lucent.
385 2418 455 2458 III,
475 2421 558 2463 517,
581 2418 649 2452 518
672 2414 882 2461 etIV‚159

103 2471 209 2507 Bona
233 2479 317 2515 quie
345 2478 388 2503 cx
421 2464 664 2501 meditatione
697 2465 884 2500 Passionis

152 2516 289 2554 Christi
307 2514 418 2551 nobis
436 2510 677 2559 proveniunt.
774 2509 839 2554 IV,
862 2513 882 2554 4

104 2566 293 2603 Passionis
317 2559 510 2599 meditatio
536 2557 662 2595 reddit
690 2557 883 2593 hominem

153 2613 320 2650 doctum.
774 2604 838 2645 IV,
862 2608 880 2648 li

105 2662 132 2698 Ε
171 2661 342 2708 passione
371 2655 507 2694 Christi
543 2658 705 2702 quatuor
749 2653 884 2689 solatia

151 2707 428 2753 consequimur.
777 2698 841 2744 IV,
863 2703 882 2735 5

105 2757 235 2794 Passio
254 2751 393 2792 Christi
415 2751 488 2788 tria
507 2750 630 2787 docet.
746 2747 813 2792 Ν,
842 2762 876 2784 ιι

105 2804 293 2842 Passionis
322 2799 462 2839 Christi
480 2797 665 2836 memoria
684 2800 741 2834 est
759 2805 881 2832 reme-

1013 226 1116 263 dium
1146 223 1378 270 aptissimum
1398 221 1446 259 ad
1468 219 1739 267 acquirendam

1010 274 1246 321 patientiam.
1585 266 1650 312 IV,
1676 270 1740 311 146

962 323 1150 358 Passionis
1192 318 1328 356 Christi
1374 316 1559 354 memoria
1599 319 1638 351 et
1685 324 1742 351 re-

1010 367 1178 405 cordatio
1223 376 1336 413 quam
1381 365 1559 410 frequens
1606 361 1743 399 debeat

1010 417 1120 452 nobis
1139 425 1233 451 csse.
1630 408 1695 452 IV,
1724 423 1736 446 1

961 464 1153 500 Passionis
1193 459 1411 497 exercitium
1450 460 1527 495 Deo
1554 460 1614 494 cst
1646 467 1741 504 gra-

1009 509 1220 553 tissimum;
1271 508 1376 555 cujus
1413 506 1576 543 refertur
1615 513 1740 540 exem-

1007 559 1126 606 plum.
1630 550 1697 591 IV.
1719 553 1740 587 5

960 607 1013 643 De
1034 616 1097 642 sex
1141 603 1266 640 modis
1302 599 1635 648 principalioribus
1657 609 1741 635 sese

1008 651 1203 690 exercendi
1237 650 1275 686 in
1312 650 1502 686 Passionis
1537 645 1742 683 Dominicae

1009 699 1269 738 meditatione.
1532 693 1623 741 1V.9
1643 697 1676 729 et
1701 707 1743 730 10

961 751 1007 786 Ut
1040 750 1078 784 in
1102 745 1279 784 exercitio
1307 744 1496 780 Passionis
1534 740 1741 777 Dominicae

1009 795 1250 843 proficiamus
1297 803 1319 828 a
1364 789 1510 827 deliciis
1560 789 1742 825 debemus

1008 843 1210 881 abstinere.
1635 835 1697 879 Ν,
1722 848 1740 871 2

959 892 1139 930 Triduum
1176 888 1362 925 Passionis
1395 883 1562 931 mystice.
1584 882 1650 921 IV.
1678 885 1739 926 164

960 939 1088 978 Oratio
1122 935 1338 984 quindecim
1374 931 1590 969 orationum
1620 930 1744 966 Domi-

1008 988 1178 1024 nicarum
1208 983 1247 1019 in
1274 983 1459 1018 honorem
1475 979 1665 1016 Passionis
1686 980 1744 1013 est

1009 1037 1083 1072 Deo
1108 1030 1337 1079 gratissima.
1632 1023 1698 1069 IV,
1721 1027 1742 1060 5

1249 1122 1454 1149 PASSIONES.

960 1191 1151 1228 Passiones
1167 1186 1277 1222 aliter
1292 1186 1401 1221 erant
1414 1181 1454 1218 in
1466 1179 1616 1218 Christo
1629 1187 1744 1225 quam

1008 1239 1045 1273 in
1072 1234 1193 1271 nobis.
1583 1225 1653 1266 III,
1676 1227 1743 1262 205

959 1286 1154 1323 Passiones
1181 1279 1298 1318 animi
1329 1275 1531 1325 tripliciter
1562 1274 1602 1311 in
1635 1271 1744 1309 nobis

1008 1332 1225 1369 causantur.
1493 1321 1560 1368 IV,
1582 1324 1623 1359 15
1645 1323 1679 1357 et
1702 1323 1744 1364 14

1269 1419 1420 1446 PASTOR.

958 1486 1173 1525 Pastoribus
1200 1493 1266 1518 cur
1290 1477 1427 1517 Christi
1458 1475 1636 1513 nativitas
1663 1475 1742 1522 pri·

1007 1546 1068 1571 mo
1092 1532 1140 1569 sit
1160 1527 1395 1567 annuntiata.
1645 1522 1677 1565 1,
1696 1537 1742 1570 72

959 1585 1129 1620 Pastorcs
1170 1575 1347 1615 Ecclesiae
1402 1572 1531 1621 quales
1580 1571 1746 1655 dehIeant

1007 1640 1101 1667 esse.
1671 1648 1677 1658 .
1699 1621 1743 1665 75

959 1680 1092 1716 Pastor
1118 1683 1230 1711 verus
1253 1671 1385 1708 ovibus
1407 1667 1485 1706 suis
1512 1667 1625 1704 debet
1652 1666 1745 1702 dare

1008 1728 1170 1772 quatuor
1189 1731 1314 1757 voces.
1464 1715 1515 1758 ΙΙ,
1534 1718 1603 1762 509
1625 1718 1657 1750 et
1675 1717 1745 1750 διο

960 1775 1092 1811 Pastor
1126 1771 1247 1806 bonus
1271 1778 1314 1803 ex
1348 1763 1487 1811 triplici
1525 1762 1633 1808 signo
1666 1760 1744 1807 dig-

1010 1818 1192 1856 noscitur.
1600 1809 1650 1853 11,
1675 1811 1745 1852 504

961 1871 1094 1905 Pastor
1115 1875 1202 1902 oves
1231 1859 1490 1899 scandalizans
1520 1867 1633 1904 quam
1655 1866 1745 1903 gra-

1008 1915 1104 1951 viter
1126 1914 1269 1960 peccet.
1606 1904 1656 1947 ΙΙ,
1677 1906 1746 1941 506

1035 1962 1145 2010 (Vide
1160 1960 1269 2007 plura
1287 1956 1404 1994 verbo
1426 1967 1433 1993 ;
1454 1952 1674 1999 remmus.)

1286 2039 1414 2065 PATER.

961 2107 1070 2145 Patri
1090 2107 1234 2141 aetcrno
1256 2111 1374 2149 quare
1393 2096 1660 2146 approprietur
1678 2107 1746 2143 po-

1009 2154 1139 2190 tentia.
1617 2144 1647 2187 I,
1678 2147 1746 2180 232

961 2200 1158 2248 Quomodo
1187 2196 1390 2244 tripliciter
1425 2195 1524 2231 Deus
1554 2195 1663 2240 pater
1692 2194 1750 2228 est

1011 2248 1223 2286 hominum.
1618 2239 1650 2283 Ι,
1679 2242 1743 2276 501

963 2300 1041 2342 Quo
1083 2305 1193 2331 sensu
1241 2291 1310 2328 soli
1338 2292 1415 2328 Deo
1453 2298 1594 2325 nomen
1629 2289 1752 2334 patris

1010 2346 1212 2390 competat.
1586 2334 1658 2376 III,
1683 2338 1751 2378 240

963 2392 1156 2437 Quomodo
1179 2390 1278 2425 Deus
1306 2396 1375 2433 per
1406 2394 1513 2423 suam
1551 2382 1753 2429 providen-

1009 2440 1099 2476 tiam
1118 2448 1158 2473 se
1175 2439 1318 2472 Patrem
1337 2434 1526 2470 ostendat.
1618 2430 1649 2474 Ι,
1678 2433 1746 2476 517

962 2492 1106 2525 Patrem
1128 2486 1228 2521 Deus
1249 2483 1446 2518 habentes.
1603 2478 1656 2523 Il,
1682 2481 1748 2524 287

960 2533 1264 2577 Pater-familias
1281 2530 1328 2565 ad
1364 2529 1534 2566 subditos
1556 2525 1746 2573 regendos

1009 2583 1122 2619 debet
1141 2580 1281 2616 habere
1301 2576 1385 2613 tria.
1576 2574 1647 2618 Ill,
1679 2576 1745 2619 287

1301 2678 1396 2704 PATI-

960 2745 1045 2783 Pati
1064 2743 1126 2779 hic
1157 2741 1353 2785 debemus,
1373 2737 1402 2775 si
1441 2736 1632 2775 coelestem
1663 2735 1726 2783 glo

1009 2792 1106 2829 riam
1127 2789 1286 2828 velimus
1305 2784 1501 2835 consequi.
1587 2781 1652 2830 Ν,
1677 2798 1717 2821 21
