1924 3157
648 161 784 195 thJEx
825 161 1075 196 GENERALIS
1117 162 1278 197 RERUM·
1729 164 1787 198 357

153 232 329 286 Vulneris
347 233 458 280 hujus
480 234 716 278 magnitudo.
778 234 844 277 IV,
865 248 930 272 ου

150 281 297 327 Figurae
315 281 426 327 hujus
443 281 650 328 apertionis
672 282 801 319 lateris
825 283 931 320 Chri-

197 330 260 364 sti.
635 329 699 375 IV,
724 333 787 366 136
807 334 840 367 ei
867 333 929 377 137

151 375 203 413 Ex
230 376 299 412 hac
325 377 518 422 apertione
542 376 669 413 lateris
695 379 832 415 Christi
859 377 932 414 tria

198 423 439 460 documenta.
774 424 839 470 IV,
866 428 929 472 ¹37

149 472 203 507 De
223 471 361 508 Christi
378 471 583 517 sepultura.
604 471 668 515 IV,
692 475 750 516 141
777 476 810 508 et
824 483 928 519 seqq.

149 518 203 554 De
239 518 473 564 depositione
504 520 675 566 corporis
712 520 849 556 Christi
886 519 932 556 de

197 574 327 609 cruce;
342 576 385 602 ex
399 567 469 602 hac
486 565 721 613 depositione
742 567 846 604 varia
862 567 931 603 do-

198 616 388 649 cumenta.
636 612 702 653 ΙΨ,
726 617 789 657 140
808 618 841 650 et
869 617 932 658 145

150 660 293 696 Devota
314 659 509 697 meditatio
536 660 582 697 de
613 662 752 698 Christi
774 672 932 708 corpore

198 711 362 744 mortuo.
780 708 844 753 ΙΨ,
869 713 932 753 145

151 756 202 792 De
239 754 471 791 involutione
511 755 680 801 corporis
714 756 852 793 Christi
894 756 932 792 in

198 802 372 844 sindone,
391 805 428 839 et
450 813 566 849 quare
590 803 627 838 in
644 802 707 839 tali
729 803 930 849 sepulchro

198 851 247 886 sit
267 850 449 895 sepultus.
588 849 653 893 IV,
680 854 743 897 ¹47
766 855 800 887 et
824 861 929 897 seqq.

150 898 203 934 De
219 897 688 944 superpositionelapidis.
775 897 838 940 IV,
867 903 931 945 ¹49

75 976 79 981 .
149 945 202 982 De
221 945 379 992 mystica
396 946 533 983 Christi
546 945 741 992 sepultura
763 945 801 981 in
819 947 931 982 corde

198 998 343 1030 nostro.
774 992 839 1037 IV,
867 997 931 1040 149

150 1041 203 1077 De
243 1040 380 1085 forma,
403 1042 530 1077 colore
563 1043 601 1076 et
634 1040 706 1076 situ
741 1040 931 1086 sepulchri

200 1089 351 1126 Christi.
770 1087 836 1129 IV,
868 1091 931 1124 150

150 1137 202 1172 De
230 1135 389 1172 ecclesia
419 1135 661 1181 patriarchali
688 1135 726 1171 in
753 1135 824 1171 hoc
850 1135 932 1171 loco

199 1186 430 1220 constructa.
632 1180 699 1225 IV,
725 1185 789 1218 150
810 1186 844 1218 et
869 1185 928 1218 ι5ι

150 1232 202 1268 Ex
230 1232 368 1268 Christi
395 1230 594 1277 sepultura
619 1233 785 1276 quatuor
811 1229 934 1265 docu-

198 1284 342 1315 menta.
770 1276 837 1320 IV,
869 1280 934 1313 155

152 1326 299 1373 Figurae
334 1326 538 1372 sepulturae
574 1325 712 1363 Christi
745 1326 782 1361 in
817 1323 934 1360 veteri

206 1375 465 1410 Testamento.
635 1371 702 1416 IV,
728 1376 791 1415 154
813 1375 846 1407 et
871 1374 935 1407 166

151 1422 205 1458 De
226 1420 398 1457 custodia
418 1419 623 1464 sepulchri.
778 1418 844 1464 ΙΨ,
872 1421 935 1455 ι55

152 1469 206 1505 De
233 1468 360 1504 triduo
382 1466 589 1512 sepulturae
615 1467 754 1504 Christi
777 1469 814 1502 et
841 1476 936 1512 quo·

202 1515 314 1552 modo
337 1514 613 1559 accipiendum.
777 1512 843 1558 IV,
872 1516 937 1550 166

154 1564 207 1600 De
229 1564 367 1600 Christi
387 1562 571 1599 descensu
598 1561 646 1598 ad
666 1560 810 1597 inferos
834 1564 870 1597 et
890 1560 938 1597 ad

203 1611 430 1647 Sanctorum
451 1609 646 1655 populum.
779 1607 845 1652 IV,
873 1611 935 1654 167

155 1657 300 1704 Figurae
321 1658 431 1703 hujus
447 1660 651 1692 descensus
669 1657 807 1693 Christi
824 1655 862 1691 in
879 1665 940 1691 ve-

203 1705 275 1742 teri
297 1706 552 1741 TestamentO.
781 1702 847 1748 IV,
874 1705 939 1739 168

157 1753 236 1796 Quo
256 1763 371 1788 sensu
395 1751 564 1788 Christus
588 1754 750 1787 mortem
771 1755 940 1797 prostra-

205 1801 258 1836 vit
281 1803 318 1835 et
335 1798 534 1836 diabolum
552 1798 713 1844 decepit.
785 1797 851 1844 IV,
877 1799 942 1844 169

286 1934 330 1960 DE
345 1933 638 1960 RESURRECTIONE
657 1933 809 1959 CHRISTI.

159 2045 210 2081 De
246 2043 387 2080 Christi
423 2041 575 2077 Domini
606 2041 726 2077 nostri
761 2040 943 2076 Resurre-

206 2092 347 2127 ctione.
607 2087 674 2132 IV,
700 2102 759 2135 171
784 2090 817 2123 et
838 2097 942 2134 seqq.

160 2141 213 2176 De
227 2139 340 2185 hujus
365 2137 425 2173 die
441 2139 479 2172 et
495 2137 602 2172 hora.
787 2133 853 2177 IV,
879 2149 940 2181 ι7ι

159 2188 213 2223 De
240 2187 479 2222 terrae-motu
502 2184 614 2228 facto,
646 2182 791 2219 Christo
818 2191 946 2218 resur-

210 2236 336 2281 gente.
789 2228 856 2274 IV,
883 2243 944 2275 171

164 2281 303 2317 Christi
336 2277 574 2315 Resurrectio
609 2286 724 2323 quare
763 2286 838 2312 non
876 2275 947 2311 fuit

209 2327 433 2365 differenda.
790 2322 856 2367 IV,
883 2337 945 2370 ¹72

162 2374 401 2412 Resurrectio
427 2374 566 2410 Christi
588 2382 702 2409 causa
725 2375 783 2407 est
804 2373 945 2406 nostrae

211 2421 516 2459 resurrectionis.
788 2417 855 2462 IV,
882 2421 946 2465 175

167 2470 335 2507 Christus
362 2467 568 2506 resurrexit
589 2467 722 2514 plenus
748 2467 886 2512 gaudio
911 2468 949 2500 et

213 2518 458 2553 exultatione.
786 2511 851 2554 IV,
882 2515 946 2559 173

166 2563 469 2601 Resurrectionis
491 2561 631 2598 Christi
656 2560 677 2596 fl
710 2570 786 2596 urae
808 2563 845 2596 et
865 2569 946 2595 em-

217 2612 396 2648 blomata.
645 2607 662 2646 I
703 2635 712 2652 ,
740 2610 803 2654 173
826 2611 859 2642 et
885 2610 949 2653 174

166 2658 211 2696 In
235 2658 372 2694 Christi
395 2655 681 2694 Resurrectione
703 2655 821 2691 multo
843 2653 950 2690 nobis

216 2705 470 2751 gaudendum.
793 2701 858 2744 IV,
886 2704 949 2747 ¹74

168 2754 222 2789 De
262 2752 401 2789 Christi
418 2751 654 2798 apparitione
673 2750 770 2786 sacta
809 2749 850 2784 B.
880 2750 952 2784 Ma-

217 2799 284 2836 riae
311 2800 418 2836 Matri
441 2810 531 2836 suae.
608 2797 675 2843 ΙΨ,
704 2812 766 2844 177
791 2799 823 2831 et
844 2805 948 2841 seqq.

1008 235 1082 272 Cur
1100 235 1199 273 hanc
1222 236 1502 283 apparitionem
1522 246 1598 273 non
1618 235 1788 273 referant

1056 283 1317 329 Evangelistae.
1635 283 1701 325 IV,
1725 287 1785 321 181
1811 321 1814 324 ,

1010 328 1178 366 Christus
1201 331 1404 377 quomodo,
1426 332 1549 368 adhuc
1573 330 1700 368 clauso
1723 342 1789 368 se·-

1056 377 1227 425 pulchro,
1252 379 1466 415 resurrexit.
1637 378 1703 420 IV,
1726 381 1788 416 185

1008 425 1059 460 De
1089 426 1328 471 apparitione
1361 427 1501 463 Christi
1531 427 1626 463 sacta
1661 428 1790 464 Mariae

1055 473 1301 517 Magdalenae.
1448 473 1514 517 IV,
1546 489 1605 521 191
1630 478 1662 510 et
1683 484 1788 520 seqq.

1007 520 1173 601 Aplparet
1190 520 1223 556 ei
1245 520 1412 557 Christus
1432 521 1500 557 sub
1519 522 1791 605 speciqgortu-

1071 578 1146 602 ani.
1691 596 1700 612 ,
1728 584 1737 605 ι
1770 571 1790 604 3

1009 615 1060 652 De
1093 614 1331 660 apparitione
1367 615 1506 651 Christi
1540 616 1638 652 sacta
1670 583 1791 652 tribgs

1058 662 1199 698 Mariis.
1453 662 1517 703 IV.
1546 666 1609 709 198
1629 667 1661 699 et
1681 673 1787 708 seqq.

1010 710 1062 746 De
1083 709 1382 756 apparitionibus
1400 710 1539 746 Christi
1554 714 1639 755 post
1658 712 1792 746 Resur-

1058 757 1266 794 rectionem
1293 758 1399 793 sactis
1429 770 1436 793 :
1469 758 1594 799 Petro,
1626 758 1791 803 Josepho

1056 805 1103 841 ab
1144 804 1366 846 Arimathia,
1402 805 1542 841 Jacobo
1580 804 1715 840 Min‹›ri
1755 807 1793 840 et

1057 851 1161 888 limbi
1186 851 1371 888 Patribus.
1454 851 1520 895 IV,
1545 855 1611 895 204
1633 855 1665 887 et
1686 861 1791 897 eeqq.

1010 901 1060 936 Dc
1090 898 1328 946 apparitione
1357 900 1496 936 Christi
1519 899 1617 935 sacta
1645 899 1792 936 duobus

1056 946 1249 993 discipulis
1282 947 1458 983 euntibus
1490 945 1528 982 in
1556 946 1677 982 vicum
1707 947 1791 981 Em-

1057 1006 1177 1032 maus.
1445 992 1511 1036 IV,
1537 1006 1601 1039 207
1630 997 1663 1029 et
1684 1003 1789 1039 seqq.

1008 1045 1061 1080 De
1079 1043 1222 1079 Christo
1237 1041 1377 1079 ibidem
1389 1039 1541 1088 cognito
1554 1040 1593 1076 in
1607 1040 1792 1077 fractione

1057 1091 1175 1136 panis.
1631 1087 1699 1130 IV,
1724 1100 1793 1124 210

1009 1140 1062 1174 De
1088 1138 1228 1174 Christi
1253 1135 1488 1181 apparitione
1510 1136 1607 1170 sacta
1633 1134 1793 1180 discipu-

1057 1184 1115 1228 lis,
1137 1186 1293 1220 absente
1306 1185 1463 1219 Thoma.
1480 1181 1546 1226 ΙΨ,
1560 1195 1597 1217 21
1608 1194 1625 1217 α
1639 1185 1673 1217 et
1685 1191 1790 1226 seqq.

1011 1233 1085 1269 Cur
1106 1232 1153 1268 ad
1192 1242 1255 1267 eos
1290 1230 1436 1266 venerit
1468 1239 1568 1273 sero,
1598 1231 1635 1264 et
1664 1228 1792 1273 ,ianuis

1057 1279 1209 1316 clausis.
1634 1274 1702 1320 IV,
1725 1278 1792 1312 215

1010 1328 1083 1364 Cur
1103 1326 1140 1362 in
1163 1324 1285 1362 medio
1304 1335 1434 1361 eorum
1454 1325 1570 1360 stetit.
1638 1321 1704 1366 IV,
1725 1325 1791 1358 215

1011 1373 1207 1418 Quomodo
1239 1374 1371 1408 doceat
1407 1372 1574 1407 Christus
1600 1371 1796 1406 Resurre—

1060 1420 1195 1458 ctionis
1230 1430 1308 1455 suae
1349 1418 1546 1455 veritatem
1588 1417 1793 1464 praebendo

1060 1478 1195 1515 corpus
1226 1477 1335 1503 suum
1371 1466 1615 1512 palpandum,
1643 1467 1678 1500 et
1707 1474 1795 1500 cum

1061 1514 1252 1558 discipulis
1271 1513 1520 1550 comedendo.
1638 1510 1703 1557 IV,
1727 1514 1792 1548 215

1014 1563 1194 1600 Eamdem
1229 1572 1334 1598 suam
1365 1559 1698 1597 Resurrectionem
1727 1569 1796 1606 per

1061 1612 1133 1647 tria
1161 1609 1329 1646 Christus
1350 1607 1529 1645 ostendit.
1638 1605 1705 1647 IV,
1729 1609 1795 1642 216

1015 1658 1058 1696 In
1081 1659 1140 1695 die
1164 1655 1465 1694 Resurrectionis
1494 1655 1662 1692 Christus
1686 1653 1797 1699 quin-

1064 1705 1173 1752 quies
1192 1703 1378 1748 apparuit.
1610 1713 1616 1718 ·
1644 1699 1710 1744 IV,
1730 1713 1798 1737 προ

1018 1755 1070 1790 De
1099 1751 1336 1798 apparitione
1366 1750 1506 1787 Christi
1531 1749 1630 1786 facta
1656 1747 1799 1784 eisdem

1067 1799 1262 1846 discipulis
1308 1797 1485 1838 inclusis,
1521 1797 1586 1833 sed
1615 1798 1803 1842 praesente

1067 1848 1224 1884 Thoma.
1456 1843 1522 1888 lv,
1548 1856 1610 1880 221
1637 1846 1670 1878 et
1691 1852 1798 1888 seqq.

1024 1895 1191 1931 Christus
1206 1902 1323 1940 quare
1337 1892 1534 1928 vulnerum
1549 1899 1705 1927 suorum
1721 1892 1803 1935 post

1070 1940 1401 1977 Resurrectionem
1419 1937 1613 1975 cicatrices
1642 1935 1804 1972 voluerit

1070 1991 1249 2025 retinere.
1639 1983 1706 2028 IV,
1737 1985 1802 2019 225

1022 2038 1075 2074 De
1102 2036 1243 2072 Christi
1268 2034 1507 2081 apparitione
1534 2032 1633 2068 sacta
1659 2034 1803 2082 septeni

1069 2082 1263 2129 discipulis
1284 2081 1533 2129 piscantibus,
1556 2079 1602 2116 ad
1624 2088 1730 2115 mare
1748 2078 1805 2113 Tl-

1070 2130 1245 2167 beriadis.
1466 2126 1533 2171 IV,
1558 2129 1624 2163 225
1642 2129 1675 2162 et
1697 2135 1804 2170 seqq.

1023 2178 1218 2223 Quomodo
1232 2186 1315 2213 cum
1328 2173 1523 2221 discipulis
1542 2174 1712 2210 Christus
1726 2176 1806 2207 tum

1071 2224 1291 2261 comederit.
1644 2218 1712 2264 IV,
1736 2221 1803 2254 228

1023 2275 1125 2309 Tunc¹
1141 2271 1254 2308 etiam
1274 2271 1428 2306 Petrum
1444 2269 1481 2305 in
1496 2279 1605 2305 suum
1623 2266 1807 2304 vicarium

1074 2320 1240 2356 Christus
1261 2317 1379 2365 eligit.
1648 2313 1714 2357 IV,
1739 2326 1805 2361 229

1023 2369 1076 2404 De
1097 2365 1334 2412 apparitione
1358 2364 1498 2401 Christi
1525 2363 1625 2399 sacta
1643 2361 1682 2398 in
1705 2360 1807 2397 Gali-

1071 2415 1142 2451 laea
1162 2412 1338 2450 undecim
1350 2410 1557 2457 discipulis,
1571 2414 1606 2447 et
1628 2408 1808 2456 quingen-

1072 2462 1117 2498 tis
1140 2460 1333 2497 fratribus.
1469 2457 1536 2502 IV,
1559 2460 1627 2493 236
1649 2460 1682 2492 et
1700 2466 1806 2502 seqq.

1025 2512 1098 2548 Cur
1124 2508 1161 2544 in
1191 2511 1334 2551 monte,
1357 2509 1394 2543 et
1426 2505 1465 2542 in
1501 2515 1574 2551 quo
1609 2507 1737 2540 monte
1758 2502 1809 2539 ibi

1074 2556 1172 2591 visus
1193 2558 1248 2591 est
1273 2554 1453 2591 Christus.
1650 2550 1717 2594 IV,
1742 2553 1806 2596 257

1027 2606 1210 2640 Numera<
1230 2601 1511 2648 apparitionum
1531 2601 1671 2638 Christi
1692 2607 1811 2643 usque

1077 2651 1124 2687 ad
1145 2648 1432 2686 Ascensionem.
1655 2645 1722 2689 IV,
1744 2647 1808 2687 πάι

1029 2696 1315 2745 Apparitionum
1337 2697 1506 2732 omnium
1536 2695 1675 2732 Christi
1696 2690 1813 2727 recol-

1078 2745 1203 2789 lectio,
1219 2744 1302 2790 quis
1312 2754 1444 2781 eorum
1459 2753 1652 2780 numerus.
1669 2743 1705 2775 et
1722 2737 1812 2785 quid

1077 2792 1306 2839 significent.
1475 2789 1539 2833 IV,
1565 2793 1626 2831 πάι
1651 2791 1684 2824 et
1705 2795 1810 2831 seqq.
