1924 3157
167 172 220 206 ¹9¹1
599 167 804 201 SECUNDAE
843 166 996 201 PARTIS

162 242 276 286 venit,
287 242 344 278 cui
356 240 487 287 Angeli
499 238 748 274 reverentiam
759 237 933 275 exbiben-

158 292 216 326 tes
247 288 552 330 assurrexerunt;
581 285 682 331 quod
711 285 934 331 Magdalena

158 336 362 379 admirans,
385 343 564 370 conversa
580 337 636 368 est
647 335 869 377 retrorsum,
894 337 933 368 ut

155 383 297 419 videret
318 382 365 418 ad
391 381 483 428 quid
518 383 817 416 assurrexerunt.
841 394 858 412 »
885 382 932 415 Et

154 440 223 466 non
248 430 384 466 sciebat
404 431 493 474 quia
511 429 613 463 Jesus
634 430 698 468 est,
722 426 810 472 quia
830 426 928 462 vide-

154 478 219 513 bat
239 476 341 513 enim
368 485 454 512 eum
477 474 516 510 in
536 473 660 520 specie
684 485 758 510 non
782 473 930 518 glorio-

154 535 250 568 sum,
273 534 385 569 quem
395 522 525 569 Angeli
539 521 746 568 gloriosum
760 521 929 556 videntes

154 572 405 607 honorabant.
433 570 518 616 Ipsa
546 567 647 604 enim
676 568 841 604 nondum
860 568 929 603 ha-

155 618 267 655 bebat
285 618 399 654 fidem
413 616 460 653 de
476 615 613 654 Christi
628 615 927 659 Resurrectionc,

156 668 193 701 et
216 665 301 701 ideo
326 664 413 701 talis
436 663 469 700 ei
493 661 667 709 apparuit
692 661 728 697 in
758 672 928 707 corpore,

156 712 278 759 qualis
294 711 395 759 apud
413 721 497 748 eam
517 713 599 747 erat
618 709 657 745 in
679 712 803 745 mente
820 723 827 753 ;
855 719 928 743 non

155 760 270 805 quod,
291 761 398 806 Juxta
426 757 636 801 haereticos,
663 756 821 791 formam
856 757 925 790 Do-

154 806 279 843 minus
294 807 512 851 vultumque
526 806 720 846 mutasset,
736 806 774 838 ut
785 813 851 848 pro
867 812 928 838 vo-

153 854 296 890 luntate
318 853 488 889 diversus
505 862 548 887 ac
568 850 694 887 varius
714 849 924 892 videretur3

153 901 218 936 sed
259 901 358 946 quod
397 900 511 936 Maria
550 897 811 942 obstupefacta
845 899 927 932 erat

150 948 345 983 miraculo.
366 947 471 982 Unde
488 945 695 981 Bernardus
708 956 718 979 ε
733 956 750 977 «
768 943 796 979 O
815 953 927 988 quam

150 993 373 1030 delectabile
392 992 543 1039 pietatis
564 990 839 1037 spectaculum!
857 989 925 1034 Qui
965 1024 966 1029 ,

150 1041 332 1087 quaeritur
360 1044 398 1077 et
422 1039 671 1081 desideratur,
703 1037 863 1073 occultat
886 1048 927 1074 se

150 1093 187 1125 et
207 1088 493 1129 manit'estatur;
522 1085 686 1122 occultat
709 1095 762 1127 se,
796 1087 833 1120 ut
863 1095 925 1121 ar-

147 1136 296 1172 dentius
318 1134 546 1181 requiratur,
562 1136 599 1169 et
616 1132 820 1178 requisitus
842 1142 926 1168 cum

147 1183 283 1229 gaudio
315 1182 543 1223 inveniatur,
567 1183 603 1215 et
635 1179 809 1215 inventus
840 1190 924 1215 cum

147 1230 402 1267 sollicitudine
416 1231 606 1271 teneatur,
626 1230 826 1271 tentusque
850 1237 923 1261 uon

147 1277 412 1314 dimittatur.»
449 1275 663 1312 Secundum
696 1274 922 1316 Greqom‘um,

118 1344 121 1347 »
148 1325 267 1361 Maria
293 1336 375 1370 quae
397 1324 519 1360 adhuc
541 1321 586 1358 de
608 1319 757 1357 Domini
784 1321 922 1356 Resur-

146 1373 315 1408 rectione
338 1371 549 1412 dubitabat,
584 1377 766 1403 conversa
788 1370 843 1403 est
862 1378 923 1403 re·
962 1375 965 1422 {

147 1422 327 1458 trorsum.
343 1423 382 1455 ut
399 1417 546 1453 videret
563 1417 706 1458 Jesum‚
722 1415 808 1459 quia
825 1414 924 1450 vide·

146 1466 234 1503 licet
244 1477 312 1512 per
323 1465 494 1502 eamdem
509 1461 782 1500 dubitationem
801 1472 922 1506 suam,

149 1514 255 1560 quasi
273 1517 421 1559 tergum
443 1513 480 1547 in
508 1510 641 1547 faciem
673 1508 822 1544 Domini
845 1508 922 1544 mi—
962 1523 963 1545 3

146 1564 260 1605 serat,
277 1571 389 1606 quem
407 1557 657 1598 resurrexisse
677 1555 828 1591 minime
842 1566 921 1591 cre-

146 1608 271 1644 debat.
289 1608 362 1645 Sed
380 1608 469 1654 quia
489 1605 641 1642 amabat
654 1607 690 1639 et
710 1603 920 1647 dubitabat,

145 1654 295 1691 videbat
311 1660 346 1692 et
364 1665 441 1691 non
459 1652 711 1699 cognoscebat
729 1662 735 1691 ;
758 1660 920 1695 eumque

144 1701 198 1737 illi
224 1706 260 1738 et
279 1713 385 1738 amor
412 1700 648 1741 ostendebat,
684 1701 719 1733 et
747 1696 919 1733 dubietas
958 1707 961 1730 J

144 1749 414 1786 abscondebat.
439 1750 483 1784 Et
517 1748 608 1782 dicit
627 1748 659 1780 ei
681 1747 784 1780 Jcsus
809 1755 817 1778 :
842 1746 921 1779 Mu-
958 1774 959 1779 ,

143 1797 223 1837 lier,
247 1798 337 1842 quid
358 1796 507 1843 ploras?
526 1794 636 1837 Quem
660 1793 821 1837 quaeris?
838 1793 918 1827 Non

142 1843 235 1889 petit
256 1844 361 1890 quasi
387 1843 580 1887 ignorans
611 1839 677 1875 scd
698 1844 738 1874 ut
766 1840 844 1883 evius
863 1849 920 1873 re-

144 1891 344 1936 sponsione
354 1887 637 1926 convenientius
646 1896 728 1922 eam
740 1885 915 1921 instruat.

145 1938 355 1975 Secundum
370 1937 543 1974 eumdem
559 1935 785 1978 Gregorium,
802 1931 917 1968 inter-

143 1989 299 2029 rogatur
310 1983 449 2021 doloris
464 1992 590 2025 causa,
600 1984 643 2017 ut
655 1983 837 2025 augeatur
855 1979 918 2015 de-

143 2030 337 2075 siderium,
372 2034 559 2077 quatenus
592 2038 675 2064 cum
707 2027 920 2063 nominaret

146 2088 259 2123 quem
278 2081 478 2127 quaereret,
502 2077 541 2112 in
565 2085 733 2112 amorem
755 2075 835 2120 ejus
856 2085 919 2110 ar-

145 2126 293 2163 dentius
313 2128 502 2163 aestuaret.

192 2179 214 2219 4
235 2175 312 2218 Quo
339 2185 448 2209 seusu
485 2173 659 2208 CunisTns
686 2180 918 2205 HORTULANus

146 2237 219 2261 EST.
234 2223 332 2258 ——At
346 2221 410 2257 illa
421 2218 681 2257 Jesumadbue
692 2227 766 2251 non
784 2226 918 2261 cogno-

145 2280 268 2314 scenS,
289 2267 434 2315 putavit
452 2277 537 2303 eum
558 2275 639 2301 esse
664 2263 916 2308 hortulanum,

145 2316 451 2355 cuiincumbcbat
459 2324 548 2349 cura
560 2311 658 2348 horti
671 2311 782 2354 illius,
795 2311 830 2345 in
844 2321 916 2355 quo

142 2366 425 2402 monumentum
452 2364 546 2404 erat,
584 2370 628 2395 eo
671 2358 769 2404 quod
806 2368 916 2393 ruane

143 2412 264 2457 primo
277 2421 363 2446 eum
381 2410 418 2444 in
432 2409 542 2444 horto
569 2406 717 2442 videbat
730 2418 738 2449 ;
753 2403 913 2440 aestima-

142 2460 207 2496 bat
221 2457 319 2495 enim
340 2456 483 2492 nullum
503 2454 696 2490 circaloca
723 2452 786 2487 illa
802 2462 911 2487 oceu-

140 2504 318 2553 pari‚nisi
334 2514 418 2540 eum
432 2502 493 2548 qui
513 2502 660 2537 illorum
679 2501 800 2535 cultor
815 2504 906 2534 erat.

138 2556 240 2590 Bene
266 2555 391 2588 autern
408 2547 653 2594 spiritualiter
684 2547 909 2582 *hortulanus

138 2602 173 2638 ei
191 2604 287 2644 erat,
303 2598 390 2644 quia
411 2600 536 2631 sentes
557 2595 727 2641 perfidiae
749 2599 783 2629 et
805 2593 909 2634 vitio-

136 2659 222 2685 rum
236 2648 314 2694 Jam
329 2644 597 2681 eradicas-erat.
615 2653 656 2677 ac
677 2641 793 2676 vii-vui
804 2641 837 2676 ia
852 2651 906 2675 se-

135 2694 338 2732 minafidei
359 2694 395 2728 et
412 2692 592 2726 virtutum
611 2700 677 2734 per
696 2686 903 2724 amorissui

133 2744 208 2779 vim
226 2742 266 2778 in
294 2741 376 2786 ejus
394 2740 544 2785 pectore
564 2740 600 2772 et
631 2736 739 2771 boi-to
767 2734 904 2771 animae

134 2791 323 2827 seminare
351 2790 386 2823 et
422 2785 590 2831 plantare
611 2783 776 2818 curabat.
802 2781 902 2817 Sicut

1032 166 1170 200 CAPUT
1209 167 1343 200 Lxxll

1011 233 1110 287 enim
1137 236 1184 271 ad
1211 235 1400 271 hortulani
1431 236 1595 274 osticium
1619 238 1786 285 pertinet

1009 291 1138 318 noxias
1178 283 1314 318 herbas
1349 282 1556 328 eradicare,
1577 287 1618 321 ut
1639 286 1786 331 possint

1010 329 1116 363 bonae
1137 328 1338 375 prolicere3
1362 329 1413 365 ita
1430 330 1612 368 Dominus
1632 333 1679 369 de
1700 334 1784 370 hor-

970 382 972 391 *
1007 381 1044 411 to
1060 385 1140 420 suo,
1162 375 1198 411 id
1217 380 1274 412 est
1290 376 1336 412 de
1354 376 1518 413 Ecclesia
1537 388 1604 415 sua
1618 380 1786 424 quotidie

1007 421 1097 457 vitia
1111 422 1292 466 eradicat,
1303 427 1341 459 ut
1356 423 1513 460 virtutes
1527 426 1710 469 proficere
1725 439 1787 464 va-

1006 470 1428 515 leant.UndeOi²i9‹2nes:
1442 485 1460 503 «
1472 471 1499 507 O
1509 473 1674 516 Maria,si
1684 484 1784 520 quae-

1007 517 1058 554 ris
1072 521 1213 561 Jesum,
1230 528 1347 563 quare
1362 528 1438 553 non
1452 518 1674 564 cognoscis?
1691 522 1783 558 Ecce

1005 567 1110 603 Jcsus
1136 566 1239 600 venit
1269 565 1315 600 ad
1337 568 1387 608 te,
1420 575 1532 611 quem
1560 569 1601 602 tu
1629 567 1781 613 quaeris,

1006 615 1042 648 et
1053 617 1093 649 tu
1104 611 1268 648 aestimas
1285 611 1525 648 hortulanum
1539 623 1632 649 esse.
1643 615 1782 652 Verum

1006 661 1157 705 quidem
1179 662 1231 695 cst
1252 659 1353 704 quod
1373 658 1551 704 aestimas,
1573 660 1639 696 sed
1656 663 1781 699 tamen

1003 706 1041 742 in
1071 708 1140 743 boc
1161 716 1275 743 erras,
1300 706 1387 741 (lum
1417 705 1516 742 enim
1538 707 1590 743 sic
1610 707 1780 746 hortula-

1005 765 1094 790 num
1114 753 1292 797 aestimas,
1313 757 1353 788 ut
1372 754 1498 789 ,lt-sum
1521 765 1604 790 esse
1624 766 1700 791 non
1720 767 1778 792 co-

1004 812 1175 846 gnoscas,
1198 801 1261 836 Est
1280 799 1381 836 enim
1401 802 1522 845 Jcsus,
1545 804 1602 837 est
1621 805 1658 838 et
1688 802 1776 839 hor—

1002 849 1178 884 tulanus:
1199 847 1288 893 quia
1307 846 1387 894 ipse
1405 847 1566 884 seminat
1587 859 1699 885 omne
1713 851 1777 887 bo-

1002 905 1092 931 num
1119 905 1247 930 semen
1267 894 1305 930 in
1338 895 1446 930 horto
1468 894 1603 932 animae
1636 901 1723 942 tuae,
1742 902 1779 934 et

1002 941 1042 977 in
1078 941 1254 978 cordibus
1285 940 1453 977 fidelium
1490 953 1671 989 suorum3
1699 943 1777 991 ipse

1003 999 1114 1025 omne
1134 989 1276 1024 bonum
1299 988 1441 1033 plantat
1461 992 1497 1024 et
1518 989 1615 1035 rigat
1636 991 1674 1026 iu
1695 991 1776 1027 aui-

1004 1038 1137 1072 mabus
1159 1037 1396 1080 Sanctorum,
1417 1039 1454 1071 et
1474 1035 1553 1081 ipse
1581 1040 1650 1081 est,
1670 1039 1777 1076 Jcsus

1003 1083 1066 1128 qui
1085 1087 1209 1119 tecum
1229 1083 1396 1128 loquitur
1416 1094 1424 1118 z
1447 1097 1465 1115 n
1490 1084 1568 1119 haei:
1592 1085 1775 1130 Oriqenes.

1003 1131 1129 1167 Mariae
1150 1129 1263 1166 etiam
1283 1129 1323 1165 in
1347 1129 1468 1176 specie
1495 1131 1684 1168 hortulani
1713 1143 1777 1179 ap-

964 1188 966 1193 *
1003 1177 1140 1226 paruit,
1154 1178 1227 1213 tale
1248 1178 1349 1212 enim
1365 1176 1542 1214 officium.
1556 1179 1641 1214 talis
1657 1185 1777 1225 actus,

1002 1225 1075 1261 tale
1100 1223 1333 1261 exercitium.
1356 1224 1516 1270 talisque
1542 1225 1702 1263 nominis
1720 1227 1776 1264 in-

1003 1271 1221 1318 terpretatio
1253 1270 1520 1317 incipientibus
1557 1273 1730 1319 congruit
1767 1286 1775 1311 :

1001 1322 1148 1364 opo-rtet
1165 1320 1264 1354 enin]
1284 1322 1325 1354 ut
1345 1319 1532 1364 poenitens
1561 1323 1668 1365 gerat
1687 1331 1776 1358 mo-

1001 1366 1088 1401 dum
1112 1365 1315 1406 hortulani,
1340 1365 1481 1402 scilicet
1503 1370 1541 1402 ut
1557 1367 1685 1404 omnia
1703 1379 1772 1405 no-

1000 1412 1080 1448 civa
1101 1412 1279 1456 eradicet,
1302 1416 1337 1447 et
1358 1413 1457 1449 bona
1477 1411 1640 1459 inserat3
1662 1414 1693 1451 si
1714 1427 1773 1452 er-

999 1471 1044 1506 go
1064 1459 1119 1495 vis
1135 1463 1175 1495 ut
1191 1462 1371 1505 appareat
1387 1459 1454 1496 tibi
1473 1471 1583 1497 verus
1602 1462 1774 1500 hortula-

998 1517 1082 1551 nus,
1105 1510 1253 1553 oportet
1276 1511 1311 1542 te
1332 1507 1469 1543 herbas
1489 1507 1641 1545 nocivas
1661 1509 1773 1556 ejice-

998 1564 1038 1589 re
1060 1559 1097 1589 et
1117 1553 1329 1590 salutiferas
1351 1553 1532 1590 inserere.

1045 1604 1064 1637 5
1091 1603 1234 1637 FERvon
1251 1612 1293 1636 ET
1312 1612 1466 1638 AunAch
1483 1603 1610 1639 MARIAE
1630 1604 1776 1641 MAGDA-

960 1654 961 1674 ³
997 1659 1108 1684 LENAE.
1123 1669 1167 1674 ψ
1184 1649 1254 1684 Illa
1267 1640 1368 1691 ver'o,
1381 1652 1422 1684 ut
1436 1648 1774 1694 ebria‚cxistimans

997 1697 1085 1740 quia
1113 1696 1327 1731 hortulanus
1355 1700 1455 1737 esset,
1485 1697 1577 1733 dicit
1611 1700 1675 1733 ei.-
1702 1701 1772 1734 Do-

995 1744 1102 1785 mine,
1125 1744 1159 1777 si
1189 1744 1375 1778 sustulisti
1405 1754 1497 1787 eum,
1528 1744 1640 1780 dicito
1666 1747 1771 1790 mihi,

994 1790 1058 1824 ubi
1076 1791 1234 1835 posuisti
1254 1800 1346 1834 eum,
1372 1790 1433 1836 qui
1457 1790 1547 1826 mihi
1568 1795 1624 1827 cst
1640 1792 1769 1838 singu-

994 1836 1084 1872 laris
1104 1838 1304 1872 thesaurus
1323 1838 1435 1872 etiam
1451 1841 1643 1882 mortuus3
1661 1844 1694 1875 ec
1709 1851 1771 1884 egio

996 1894 1073 1918 eum
1103 1885 1227 1918 tollam
1255 1894 1339 1919 curn
1377 1884 1477 1920 omni
1511 1885 1712 1931 desiderio,
1735 1891 1772 1923 et

995 1930 1188 1976 accipiam.
1215 1930 1417 1966 Dominum
1444 1936 1564 1977 vocat,
1590 1936 1627 1968 ut
1649 1934 1770 1969 benc—

997 1977 1195 2013 volentiam
1223 1978 1303 2023 ejus
1334 1981 1476 2023 captet;
1505 1990 1579 2015 non
1612 1979 1714 2025 dicit,
1738 1981 1769 2017 si

996 2024 1175 2061 sustulisti
1197 2025 1322 2060 Jcsum
1339 2025 1568 2071 crucifixum,
1582 2026 1768 2071 loquendo

996 2072 1244 2108 determinate
1265 2072 1303 2107 et
1324 2072 1553 2109 nominando
1570 2073 1688 2117 illum,
1711 2075 1768 2111 vel

995 2119 1088 2155 alias
1123 2118 1371 2165 designando,
1401 2120 1464 2156 sed
1493 2119 1595 2166 dicit,
1621 2133 1700 2158 eum
1730 2123 1768 2158 in

994 2166 1175 2211 generali,
1216 2166 1309 2202 nibil
1345 2166 1517 2203 addendo
1547 2183 1554 2204 :
1587 2168 1675 2214 quia
1709 2168 1766 2206 vis

994 2213 1146 2258 amoris,
1169 2216 1281 2260 atque
1304 2213 1457 2250 affectus
1477 2224 1560 2250 cum
1578 2214 1766 2252 desiderio

993 2260 1208 2306 quaerentis,
1225 2261 1281 2296 vel
1304 2261 1491 2297 ferventer
1502 2262 1680 2308 amantis,
1695 2264 1766 2300 hoc

991 2318 1104 2353 agere
1125 2307 1161 2343 in
1182 2307 1306 2344 animo
1345 2308 1451 2349 solet,
1486 2312 1528 2345 ut
1549 2319 1661 2355 quem
1687 2310 1766 2355 ipse

990 2354 1123 2400 quaerit
1158 2355 1211 2391 vel
1247 2354 1397 2401 cogitat,
1429 2366 1560 2392 omnes
1599 2356 1766 2404 cogitare

989 2402 1162 2445 aestimet,
1195 2406 1231 2437 et
1270 2402 1411 2438 nullum
1441 2402 1554 2439 alium
1592 2405 1766 2450 ignorare

988 2451 1128 2485 credat.
1159 2449 1262 2485 Unde
1282 2449 1386 2502 quasi
1412 2449 1457 2486 de
1478 2450 1628 2496 cognito
1645 2451 1766 2498 loqui-

989 2500 1060 2540 tur,
1087 2499 1123 2532 et
1157 2506 1267 2541 quem
1297 2507 1378 2543 ipsa
1410 2497 1605 2543 diligebat,
1634 2509 1764 2534 omnes

985 2543 1308 2596 scireaecogitabat3
1330 2555 1397 2580 nec.
1421 2544 1562 2588 putavit
1579 2545 1688 2582 alteri
1709 2545 1764 2581 in-

985 2594 1190 2635 cognitum,
1226 2601 1335 2636 quem
1376 2590 1428 2627 sic
1467 2591 1549 2638 ipsa
1583 2592 1761 2628 continue

947 2650 948 2657 ¹
984 2637 1124 2683 plangit
1152 2637 1422 2674 desideratum.
1442 2638 1480 2675 Si
1500 2649 1591 2685 ergo
1613 2643 1652 2675 tu
1674 2649 1758 2685 pro-

982 2689 1064 2730 pter
1104 2685 1276 2720 timorem
1315 2685 1531 2722 Judaeorum
1571 2685 1755 2722 sustulisti

980 2742 1064 2768 euni
1094 2731 1196 2775 hinc,
1224 2730 1336 2767 dicito
1367 2731 1471 2777 mihi,
1499 2736 1539 2769 ut
1565 2743 1633 2779 ego
1672 2743 1758 2770 eum

979 2779 1107 2815 tollam
1125 2791 1133 2822 ;
1152 2778 1308 2816 timebat
1322 2779 1423 2815 enim
1444 2789 1492 2816 ne
1509 2780 1628 2816 Judaei
1641 2780 1756 2817 etiam
