1924 3157
580 111 628 144 ni:
667 112 812 151 Pium,
853 112 892 146 tx
933 112 1147 147 PASSIONE
1188 112 1355 147 DOMINI.
1741 113 1780 146 55

150 189 218 225 per
235 178 344 216 dolor
367 180 686 228 multiplicabatur
706 193 780 219 non
798 182 921 219 modi-

149 237 249 271 cum,
284 226 454 264 dolorem
485 230 585 266 enim
613 231 743 266 Matris
767 233 805 267 et
832 240 918 266 suo-

147 284 231 310 rum
250 276 450 321 reputabat
475 287 586 313 suum
625 288 632 313 :
663 276 701 314 in
730 276 794 314 illo
827 287 917 322 ergo

147 324 276 358 mutuo
298 326 499 367 conspectu
522 334 679 369 magnus
711 325 819 361 valde
853 324 919 361 do-

146 367 204 405 lor
226 368 293 405 fuit
316 371 504 417 utrinque.
532 372 750 418 Sequuntur
772 382 861 408 vero
895 382 917 408 a

147 416 271 462 longe,
309 417 396 463 quia
432 429 507 454 non
539 424 696 465 possunt
715 420 917 465 appropin-

145 473 274 509 quare.
296 464 501 501 Considera
524 469 560 501 et
583 466 729 502 intuere
750 467 820 502 ista
835 466 918 502 dili-

145 514 277 557 genter
294 522 359 557 per
379 512 541 558 singula,
553 513 641 559 quia
656 513 813 550 multum
828 516 917 550 sunt

146 558 393 604 compassiva.
417 560 561 606 Cogita,
581 559 610 596 si
634 563 753 607 potes,
774 563 916 598 tautam

146 605 452 647 amaritudinem.
489 606 519 643 si
553 607 651 653 piam
693 608 809 644 habes
840 608 918 644 ani-

146 663 262 697 mam,
288 653 375 700 quia
399 654 550 700 longum
572 659 627 691 est
647 656 813 701 cogitare
837 655 915 692 ani-

145 710 217 737 mae
237 700 389 738 habenti
415 701 670 738 devotionem.
702 704 802 740 Sicut
825 714 916 749 ergo

144 747 361 784 dulcissimi
392 749 524 794 Mater,
548 748 640 786 Filio
672 760 739 786 suo
762 749 815 786 sic
847 761 916 787 an-

143 794 307 841 gustiato
329 795 424 841 viso,
453 796 561 834 valde
591 797 723 842 doluit,
747 808 790 834 ac
816 799 850 834 ei
873 809 915 834 ex

145 842 290 880 intimis
309 853 507 890 compassa
526 844 608 889 fuit,
628 848 664 880 et
681 844 917 882 amarissime

138 891 275 936 ssevit;
297 891 471 928 similiter
490 895 527 928 et
547 891 730 929 Dominus
751 892 859 929 Matri
881 896 918 930 et

143 937 228 975 aliis
249 949 468 986 compassus
484 939 597 976 etiam
614 940 916 985 multumdoluit,

144 985 242 1023 sicut
280 986 402 1022 fidelis
444 986 587 1023 amicus
623 998 690 1024 suo
727 988 849 1025 amico
881 993 918 1024 et

144 1033 314 1080 proximo
352 1034 452 1070 mala
484 1033 645 1081 patienti
679 1035 842 1082 compati
882 1039 918 1073 et

145 1080 350 1118 condolere
371 1082 497 1118 debet.

191 1143 211 1175 7
255 1130 409 1166 Pauus
442 1131 588 1166 JunAEos
622 1141 848 1167 mrennoear
874 1141 919 1166 Dr:

145 1176 315 1214 Cumsro.
364 1198 408 1203 —
443 1178 645 1214 Adducunt
678 1189 762 1223 erqo
798 1179 919 1214 Jesum

143 1225 305 1260 vinctum
319 1235 340 1260 a
363 1225 516 1271 Caipha,
534 1229 569 1262 et
584 1236 671 1262 eum
693 1226 812 1263 Pilato
826 1227 922 1262 Prae-

143 1271 228 1314 sidi,
255 1270 518 1310 inci1···umciso
546 1273 645 1318 cani,
682 1273 920 1321 glutiendum

143 1319 398 1363 tradiderunt,
419 1322 459 1356 in
475 1323 699 1367 praetorium,
717 1321 816 1368 quod
839 1325 922 1358 erat

144 1366 183 1404 in
206 1367 318 1404 domo
336 1367 445 1404 Pilati
477 1369 582 1405 locus
600 1368 753 1415 quidam
775 1367 839 1405 ubi
857 1369 919 1415 ju-

143 1414 308 1459 dicabat,
321 1418 354 1450 et
368 1416 543 1461 praetoris
553 1427 618 1452 seu
631 1416 771 1462 judicis
790 1417 919 1452 sedem

144 1466 182 1499 et
195 1462 318 1499 locum
338 1464 505 1501 tenebat.
521 1464 626 1501 Unde
638 1465 738 1501 Beda
758 1477 768 1500 :
788 1478 803 1497 (ι
823 1464 921 1500 Prae-

144 1509 284 1547 torium
305 1510 406 1547 enim
439 1510 577 1548 dicitur
595 1512 704 1548 sedes
727 1510 918 1559 praetoris.

145 1559 331 1594 praetore<
359 1561 484 1594 autem
522 1558 698 1596 dicuntur
734 1558 919 1606 praefecti,

143 1605 220 1642 sive
243 1609 512 1652 praeceptores,
555 1617 598 1643 eo
635 1607 737 1653 quod
775 1607 921 1643 civibus

143 1656 332 1701 praecopta
347 1653 502 1690 donent.
525 1669 539 1685 a>
554 1654 810 1690 Tra=1iderunt
834 1664 920 1690 eum

143 1699 321 1748 potestati
347 1702 540 1745 Romanae,
568 1704 670 1738 uteo
694 1702 805 1738 modo
828 1701 920 1738 alie-

144 1759 212 1785 nos
234 1759 273 1785 se
300 1748 545 1785 ostenderent
566 1749 612 1786 ab
644 1750 725 1796 eJus
771 1749 922 1786 interfe-

143 1795 282 1841 ctione,
307 1795 347 1832 in
370 1806 443 1843 quo
483 1807 558 1833 non
587 1807 722 1833 eorum
745 1796 922 1833 innocen-

144 1843 209 1884 tia.
233 1844 299 1880 sed
316 1843 437 1890 magis
464 1843 920 1881 demonstraturinsania.

143 1894 191 1929 Et
212 1893 300 1938 ipsi,
323 1892 389 1938 qui
415 1892 606 1928 ducebant
633 1903 734 1934 eum,
768 1903 839 1929 non
869 1894 924 1928 in-

144 1941 323 1976 troierunt
340 1941 379 1975 in
399 1942 627 1986 praetorium,
655 1944 695 1976 ut
715 1950 785 1976 non
803 1943 923 1976 conta-

144 1989 390 2032 minarentur,
411 1986 587 2024 intrando
614 1988 768 2024 domum
788 1987 919 2024 Genti-

145 2035 204 2079 lls,
224 2035 287 2071 sed
324 2038 364 2071 ut
404 2035 668 2072 manducarent
701 2037 857 2080 Pascha,
885 2034 922 2071 id

145 2087 200 2120 est
217 2093 370 2129 azymos
399 2092 533 2128 panes,
572 2094 665 2129 quos
686 2093 762 2119 non
785 2083 922 2120 licebat

144 2131 344 2167 comedere
364 2129 436 2167 nisi
452 2130 624 2177 personis
640 2130 793 2167 mundis
810 2142 818 2175 ;
842 2130 922 2167 dies

146 2177 249 2216 enim
289 2188 403 2225 agere
451 2182 650 2225 coeperunt
689 2189 921 2225 azymorum,

144 2226 282 2273 quibus
303 2225 439 2262 diebus
456 2225 730 2263 contaminatio
748 2226 823 2273 illis
842 2229 923 2263 erat

144 2273 183 2310 in
217 2273 443 2320 alienigenae
475 2273 620 2311 intrare
646 2273 919 2311 habitaculum.

144 2321 342 2358 Timebant
370 2321 640 2366 contaminari,
666 2332 708 2359 ex
744 2321 921 2368 ingressu

146 2369 281 2406 domus
302 2368 469 2405 hominis
496 2369 669 2414 Gentilis,
705 2372 743 2406 et
770 2380 846 2406 non
879 2368 922 2405 ti-

147 2419 326 2454 muerunt
356 2415 547 2463 inquinari
583 2428 626 2453 ex
648 2416 922 2464 procuratione

147 2464 279 2502 mortis
295 2463 434 2501 Christi
455 2464 690 2510 iunocentis;
711 2475 754 2502 ex
776 2475 848 2508 quo
861 2475 924 2511 pa-

147 2516 201 2550 tet
222 2511 441 2557 superstitio
476 2522 606 2548 eorum
634 2523 745 2554 vana,
769 2512 865 2549 sicut
886 2512 924 2548 in

149 2559 279 2597 multis
300 2559 397 2595 aliis.
424 2559 528 2596 Unde
556 2560 790 2605 Auqustinus
814 2571 823 2596 ι
850 2574 866 2593 «
895 2559 923 2596 Ο

148 2607 265 2655 impia
292 2607 467 2644 caecitasl
494 2606 715 2644 Habitaculo
749 2607 926 2645 videlicet

147 2654 499 2692 contaminarentur
518 2655 659 2696 alieno,
682 2658 720 2692 et
739 2666 814 2691 non
838 2666 926 2691 con-

151 2704 426 2740 taminarentur
451 2701 593 2739 scelere
615 2703 801 2756 proprio?
829 2702 925 2739 Alie-

154 2750 300 2798 nigenae
319 2749 458 2798 judicis
477 2753 656 2797 praetorio
677 2749 923 2789 contaminari

994 182 1194 226 timebant,
1221 186 1258 219 et
1293 181 1420 219 fratris
1451 180 1664 219 innocentis
1685 193 1770 219 san-

990 229 1142 272 guinem
1177 230 1371 266 etlunlere
1403 240 1479 266 non
1505 229 1716 266 timebant?
1744 246 1760 265 υ

989 277 1070 313 haec
1102 278 1344 322 Augustinus,
1372 276 1451 312 [stis
1484 280 1574 313 sunt
1600 276 1758 322 similes,

988 324 1050 371 qui
1073 324 1344 361 conscientian
1367 334 1541 370 magnam
1562 323 1608 361 de
1646 324 1758 361 mini-

990 371 1060 408 mis
1084 371 1237 408 saeiunt.
1262 378 1297 407 et
1327 373 1442 408 inulto
1461 370 1638 417 graviora
1658 382 1758 410 com·

989 419 1152 455 mittunt.
1170 419 1262 455 Cum
1272 429 1361 464 ergo
1379 421 1488 455 lesus
1499 422 1596 455 esset
1612 418 1649 455 in
1668 430 1760 466 prm-

988 465 1099 509 torio,
1136 467 1294 509 Pilatus,
1330 466 1580 502 observantiis
1611 467 1761 504 Judaeo-

988 523 1086 556 rum,
1109 513 1172 559 qui
1192 513 1347 549 domum
1382 513 1464 558 ejus
1504 513 1651 559 ingredi
1683 525 1758 551 non

987 560 1178 597 audebant
1196 560 1383 602 deferens,
1403 562 1519 596 emisit
1544 561 1593 596 ail
1613 572 1669 597 eos
1689 563 1756 604 Γυ-

988 618 1064 653 ναε,
1082 608 1128 644 de
1151 606 1435 654 praetorio.1pse
1451 607 1552 644 enim
1574 612 1654 645 erat
1672 621 1760 655 qua-

990 656 1019 692 si
1052 655 1197 692 medius
1233 655 1318 690 ltine
1349 654 1436 690 inde
1470 654 1700 701 discurrens,
1728 660 1762 693 et

991 713 1164 749 quaerens
1176 703 1221 738 de
1237 702 1367 748 quo,in
1384 701 1764 746 judicioflccusarent

991 761 1090 792 eum,
1113 760 1224 797 quom
1242 759 1349 786 reum
1373 748 1504 785 mortis
1521 749 1767 796 judicabant,

991 798 1091 834 dixit
1127 809 1134 834 :
1176 797 1292 841 Quam
1327 798 1593 833 accusationem
1625 798 1768 843 affertis

991 846 1041 881 ad
1047 855 1167 882 versus
1179 846 1358 880 hominem
1371 845 1463 880 hunc
1472 846 1489 880 ἶ)
1499 843 1658 881 Videbat
1669 845 1770 882 enim

992 903 1080 930 eum
1099 894 1136 929 in
1155 891 1305 938 signum
1322 891 1578 928 damnationis
1597 891 1769 939 ligatum,

994 945 1030 977 et
1051 952 1073 977 a
1100 943 1156 977 tot
1178 940 1331 976 ductum
1367 939 1416 975 ad
1445 939 1715 984 damnandum,
1736 944 1774 977 et

994 987 1079 1025 ideo
1100 988 1146 1024 de
1161 997 1276 1024 causa
1293 988 1338 1024 ab
1354 985 1408 1023 eis
1423 987 1630 1033 quaerebat,
1643 987 1771 1024 volens

995 1035 1148 1073 modum
1168 1038 1299 1071 tenere
1316 1035 1576 1079 Romanorum
1595 1045 1617 1071 a
1634 1035 1772 1081 quibus

995 1083 1132 1119 missus
1152 1086 1247 1126 erat,
1276 1082 1411 1128 quibus
1432 1082 1664 1118 consuetudo
1687 1086 1770 1119 erat

995 1131 1140 1167 nullum
1160 1130 1428 1173 condemnare,
1444 1128 1517 1165 nisi
1536 1129 1639 1176 prius
1655 1140 1768 1167 accu-

995 1178 1183 1215 sationem
1209 1187 1317 1214 suam
1334 1177 1523 1221 audirent,
1546 1182 1583 1213 et
1610 1177 1672 1214 ille
1702 1177 1766 1214 lo-

995 1237 1079 1263 cum
1106 1223 1331 1262 defendendi
1359 1225 1529 1261 haberet.
1550 1225 1768 1271 Responde-

993 1277 1080 1310 runt
1100 1277 1133 1309 et
1153 1274 1328 1309 dixerunt
1350 1273 1384 1308 ei
1410 1284 1417 1308 :
1440 1273 1482 1309 Si
1499 1283 1571 1309 non
1600 1276 1692 1309 esset
1713 1274 1772 1310 hic

995 1322 1224 1365 malefactor,
1245 1330 1357 1367 quem
1384 1321 1482 1357 Deus
1501 1319 1540 1356 in
1563 1320 1660 1366 Lege
1681 1331 1772 1366 prae-

996 1368 1096 1415 cepit
1122 1379 1199 1405 non
1229 1366 1304 1414 pati
1333 1367 1472 1413 vivere,
1496 1378 1568 1404 non
1589 1368 1660 1403 tibi
1687 1371 1772 1404 tra-

996 1417 1217 1452 didissemus
1240 1426 1332 1461 eum,
1357 1425 1425 1452 nos
1442 1414 1504 1460 qui
1524 1425 1655 1452 sumus
1676 1418 1768 1452 tan-

996 1467 1043 1500 tae
1079 1462 1273 1510 religionis
1309 1465 1345 1499 et
1378 1461 1627 1499 auctoritatis.
1659 1463 1768 1506 Quasi

995 1511 1169 1548 dicerent
1186 1511 1279 1547 :Nos
1301 1520 1436 1547 sumus
1457 1513 1572 1546 tantae
1594 1510 1769 1548 veritatis

997 1563 1034 1596 et
1049 1558 1220 1605 justitiae,
1243 1557 1345 1604 quod
1372 1558 1482 1594 nobis
1505 1557 1660 1594 deberet
1695 1569 1772 1595 cre-

997 1606 1033 1643 di
1056 1605 1216 1653 simplici
1232 1605 1362 1649 verbo,
1381 1606 1462 1641 sine
1483 1604 1610 1651 aliqua
1632 1604 1772 1652 disqui-

998 1653 1148 1699 sitione,
1170 1664 1238 1690 nos
1263 1653 1364 1689 enim
1392 1652 1534 1689 factum
1571 1651 1773 1699 diligenter

997 1700 1305 1741 examinavimus.
1323 1703 1360 1736 et
1377 1709 1464 1736 eum
1477 1699 1633 1747 dignum
1651 1703 1776 1737 morte

997 1748 1230 1793 invenimus3
1265 1751 1303 1784 et
1323 1746 1408 1784 ideo
1437 1747 1517 1791 jam
1537 1747 1774 1785 condemna-

997 1799 1076 1833 tum
1102 1795 1285 1833 tradimus
1302 1806 1389 1832 eum
1421 1794 1490 1832 tibi
1519 1794 1770 1842 puniendum,

996 1855 1065 1881 nec
1084 1847 1234 1891 oportet
1255 1842 1369 1880 aliam
1391 1842 1513 1879 facere
1532 1843 1776 1880 examinatio-

996 1903 1096 1928 nem.
1121 1891 1180 1929 Sic
1212 1890 1386 1928 homines
1426 1889 1604 1927 malitiosi
1645 1901 1773 1927 coram

992 1939 1187 1987 judicibus
1207 1950 1246 1975 se
1267 1939 1493 1985 justificant,
1514 1944 1555 1974 ut
1580 1938 1773 1974 innocenti

997 1987 1117 2034 magis
1148 1997 1285 2024 nocere
1318 1986 1480 2022 valeant.
1505 1985 1631 2022 Miseri
1656 1984 1777 2022 Judaei

997 2035 1129 2071 dicunt
1154 2045 1241 2070 enm
1272 2044 1351 2070 esse
1385 2033 1683 2074 malefactorem,
1708 2035 1775 2080 qui

993 2084 1214 2130 pertransiit
1253 2081 1510 2125 benefaciendo
1543 2084 1576 2117 et
1607 2081 1773 2117 sanando

997 2141 1118 2167 omnes
1140 2135 1329 2176 oppressos
1350 2129 1556 2171 adiab0l0‚·
1577 2131 1614 2165 et
1628 2127 1772 2165 faciunt

996 2178 1203 2215 secundum
1222 2176 1314 2213 illud
1335 2177 1436 2223 quod
1458 2176 1504 2212 de
1520 2175 1574 2212 eis
1592 2186 1660 2222 per
1681 2176 1770 2212 Pro-

998 2226 1147 2272 phetam
1166 2225 1245 2272 jam
1273 2225 1352 2271 ipse
1375 2223 1622 2271 praedixerat:
1646 2225 1775 2261 Retri-

1000 2274 1157 2309 buebant
1170 2273 1263 2308 mihi
1283 2273 1382 2307 mala
1400 2282 1468 2317 pro
1490 2272 1606 2307 bonis.

1047 2324 1067 2357 8
1089 2321 1179 2365 Qum
1195 2331 1392 2356 s1ex1r1car
1402 2321 1421 2356 J
1427 2330 1605 2356 unisonum
1625 2329 1778 2355 RESPON-

999 2380 1054 2404 s1o
1097 2380 1104 2404 z
1145 2369 1256 2404 Nonis
1292 2379 1365 2403 non
1407 2378 1506 2403 mear
1544 2377 1778 2403 amaricent:

999 2413 1595 2468 evasionem—AtPilatus,quasi
1608 2413 1780 2467 indigna-

999 2468 1059 2500 tus
1080 2474 1121 2500 ex
1141 2473 1271 2500 eorum
1293 2472 1556 2509 responsmne,
1574 2472 1663 2509 quia
1681 2471 1779 2498 scie-

999 2512 1063 2548 bat
1079 2522 1142 2547 cos
1150 2521 1219 2557 per
1229 2509 1546 2557 invidiamipsum
1559 2508 1779 2554 tradidisse,

1000 2559 1101 2595 dixit
1133 2569 1216 2603 erqo
1240 2559 1291 2594 eis
1313 2571 1325 2595 :
1346 2559 1516 2604 Accipite
1537 2568 1617 2594 eum
1642 2567 1720 2602 vos,
1750 2560 1784 2594 et

1000 2607 1198 2643 secundum
1210 2607 1324 2651 legem
1334 2610 1493 2642 vestram
1503 2605 1672 2650 judicate
1688 2615 1782 2641 eum.

1002 2653 1116 2698 Quasi
1141 2654 1311 2690 diceret:
1334 2653 1371 2691 Si
1394 2653 1535 2690 sufficit
1553 2656 1679 2689 vestra
1698 2663 1784 2688 exa-

1005 2701 1179 2746 minatio,
1201 2701 1366 2738 susficiat
1392 2705 1517 2737 vestra
1554 2699 1741 2752 sententia
1774 2709 1782 2735 :

1007 2760 1075 2796 ego
1098 2759 1337 2796 nequaquam
1369 2748 1456 2787 talis
1478 2749 1595 2786 Judex
1625 2747 1785 2783 efficiar.
