1924 3157
427 159 480 194 DE
519 158 648 193 POENA
686 157 931 193 INFERNALI
971 158 1020 192 ET
1059 158 1222 195 GLORIA
1261 159 1485 196 COELESTI.
1729 162 1793 198 307

138 242 216 267 nus.
239 250 286 257 -
315 228 441 265 Prima
473 238 562 275 ergo
594 228 661 264 dos
692 227 832 264 animae
863 231 919 264 est

136 276 315 325 cognitio,
335 287 421 322 quae
437 278 474 312 et
491 275 584 311 visio
604 275 757 319 dicitur,
775 285 851 322 qua
867 274 921 311 di-

139 326 225 362 vina
261 323 427 361 essentia
453 322 644 360 videbitur
677 325 723 360 ab
747 323 921 360 omnibus

137 376 229 417 tota,
253 372 319 408 sed
346 382 422 407 non
445 371 626 416 totaliter,
652 375 767 418 prout
786 369 915 408 estin-

137 420 257 456 finita.
280 418 478 456 Videbitur
502 423 628 455 tamen
662 418 826 455 essentia
854 417 920 454 di·-

138 467 227 504 vina
244 466 437 513 limpidius
458 466 610 509 abnuo,
633 477 746 513 quam
764 467 811 503 ab
829 465 918 511 alio,

138 514 177 552 in
196 521 378 562 quantum
396 525 491 550 unus
508 514 629 560 magis
643 513 715 550 erit
729 514 918 560 perfectus

136 562 278 599 lumine
295 561 427 609 gloria)
443 571 559 608 quam
579 562 688 598 alter.
711 563 752 597 Et
772 561 825 597 sic
844 560 919 597 ista

136 609 353 646 differentia
390 608 462 646 erit
503 620 547 645 ex
586 612 692 655 parte
728 608 915 653 videntis;

136 659 226 704 quia
254 656 355 693 idem
391 655 463 692 erit
493 657 614 692 visum
639 667 682 692 ex
707 659 830 702 parte,
853 666 916 692 cu-

132 705 207 752 jus,
231 714 316 741 cum
354 702 402 740 sit
441 703 777 749 simplicissimum,
814 704 919 740 nulla

134 755 259 799 potest
284 762 366 788 esse
387 751 598 787 diversitas.
621 751 758 788 Tribus
790 754 917 787 autem

135 799 258 837 modis
274 798 528 846 cognoscitur,
544 798 712 835 scilicet:
733 799 833 845 quod
847 802 917 844 est,

134 847 192 884 vel
215 847 312 884 sicut
349 850 421 891 est,
455 846 513 883 vel
554 846 646 893 quid
684 850 752 883 est.
790 846 917 882 Primo

135 895 247 932 modo
269 894 510 942 cognoscitur
531 895 629 930 Deus
650 893 687 930 in
708 893 782 938 via,
804 894 919 930 etiam

133 954 156 980 a
180 943 313 989 malis;
335 943 516 986 secundo,
536 941 726 978 videbitur
747 941 784 977 in
797 942 920 988 patria

133 1002 156 1028 a
174 990 296 1035 bonis,
319 991 426 1037 juxta
453 989 542 1026 illud
563 989 721 1026 Joannis
741 1001 749 1025 :
772 991 920 1027 Similes

131 1041 165 1076 ei
183 1041 332 1082 crimem,
348 1040 520 1084 quoniam
536 1038 738 1073 videbimus
751 1049 829 1073 enm
848 1040 918 1074 sic-

133 1089 190 1123 uti
205 1090 272 1131 est,
290 1086 328 1122 id
343 1090 399 1122 est
420 1086 671 1132 majestatem,
692 1085 917 1130 claritatem,

136 1134 360 1177 bonitatem,
378 1137 447 1169 etc.
467 1145 475 1177 3
495 1133 604 1169 tertio
628 1133 739 1169 modo
759 1143 878 1179 neque
898 1143 920 1169 a

136 1182 247 1219 bonis
277 1181 490 1222 videbitur,
515 1191 636 1227 neque
654 1191 676 1216 a
706 1181 828 1225 malis,
851 1192 918 1216 ne-

138 1240 210 1277 que
232 1230 269 1265 in
287 1229 360 1274 via,
388 1239 512 1275 neque
538 1228 576 1263 in
596 1228 733 1275 patria,
757 1230 845 1275 quia
871 1228 917 1264 fi-

138 1277 261 1314 nitum
284 1286 492 1322 numquam
509 1275 633 1322 capiet
653 1276 857 1312 infinitum.
875 1297 917 1303 -

139 1325 312 1363 Secunda
333 1325 401 1361 dos
419 1323 556 1360 animae
578 1328 634 1360 est
651 1323 802 1360 dilectio
821 1336 828 1368 ;
853 1324 919 1360 sed

135 1373 238 1409 inter
264 1372 505 1410 dilectionem
534 1373 728 1414 virtutem,
751 1375 788 1407 et
820 1372 919 1408 inter

132 1420 374 1458 dilectionem
383 1419 598 1457 dotcmhaec
608 1419 889 1456 estdifl‘erentia
907 1431 915 1456 :

135 1469 225 1516 quia
256 1468 374 1504 virtus
407 1467 559 1514 proprie
591 1471 649 1503 est
676 1467 782 1512 illud,
817 1468 917 1514 quod

136 1516 271 1553 transit
293 1516 340 1552 de
361 1519 458 1552 statu
479 1514 611 1561 gratiae
634 1515 671 1551 in
689 1519 826 1552 statum
841 1516 918 1561 glo-

134 1564 228 1609 riae3
255 1565 322 1600 dos
340 1571 464 1600 autem
489 1566 545 1599 est
569 1562 661 1598 illud
682 1563 783 1609 quod
802 1574 918 1608 supra

138 1612 314 1648 meritum
328 1611 438 1648 datur
451 1611 487 1647 in
504 1610 679 1647 ductione
689 1622 847 1657 sponsae.
863 1611 916 1647 Fi-

138 1660 204 1697 des
226 1664 262 1696 et
283 1670 382 1706 spes,
407 1659 616 1695 secundum
638 1669 731 1702 rem,
755 1669 917 1695 evacua⁴

139 1708 279 1744 buntur
299 1707 336 1743 in
358 1706 501 1754 patria3
526 1705 664 1742 caritas
685 1717 773 1743 vero
795 1717 916 1753 neque

138 1756 345 1792 secundum
366 1765 459 1797 rem,
483 1765 604 1800 neque
626 1755 834 1790 secundum
855 1765 916 1790 ac-

137 1806 217 1840 tum
231 1804 313 1849 ejus
327 1801 584 1847 evacuabitur,
598 1802 664 1837 sed
678 1802 916 1838 solummodo

136 1851 343 1887 seeundum
371 1850 541 1894 modum,
565 1848 655 1895 quia
680 1849 916 1895 imperfectio

135 1898 302 1935 tolletur.
321 1898 424 1934 Unde
443 1897 534 1933 dicit
548 1898 916 1944 Augustinugquod

135 1945 225 1983 fidei
245 1946 424 1982 succedet
445 1955 531 1991 spes
559 1955 673 1990 quam
688 1944 915 1991 videbimus,

136 1993 216 2041 spei
230 1994 404 2030 succedet
416 1993 625 2037 beatitudo,
644 1993 691 2029 ad
709 2003 822 2039 quam
835 2004 916 2040 per-

137 2041 286 2078 venturi
301 2052 452 2085 sumus3
471 2040 537 2077 sed
558 2040 705 2076 caritati
723 2040 818 2076 nihil
837 2051 916 2078 suc-

139 2089 263 2135 cedet,
286 2088 464 2135 quouiam
491 2087 614 2134 potius
634 2087 846 2133 augebitur.
870 2110 917 2115 —

135 2137 260 2174 Tertia
286 2138 353 2173 dos
379 2135 515 2173 animae
537 2140 592 2172 est
613 2137 915 2182 comprehensio,

136 2195 220 2232 quae
241 2188 298 2221 est
319 2184 439 2221 tensio
460 2183 527 2220 visi
547 2187 583 2219 ct
598 2184 728 2228 amati,
744 2188 781 2220 et
800 2184 916 2220 sumi-

137 2236 199 2269 tur
218 2232 277 2269 hic
299 2231 622 2278 comprehendere
637 2242 704 2278 pro
720 2231 915 2278 continge-

137 2291 193 2326 re,
218 2284 256 2316 et
276 2279 531 2325 circumplecti
554 2279 719 2315 divinam
743 2280 917 2325 majesta-

137 2330 214 2364 tem
234 2328 292 2365 vel
321 2326 636 2371 innuensitatein;
661 2328 741 2363 brec
761 2327 874 2364 etiam
896 2338 917 2363 a

139 2376 367 2422 quibusdam
383 2374 596 2422 appellatur
610 2373 783 2419 inhaesio,
803 2386 825 2411 a
840 2374 919 2421 qui—

139 2423 299 2460 busdam
327 2434 415 2459 vero
443 2421 584 2458 fruitio.
609 2424 704 2459 Sunt
725 2433 815 2469 ergo
834 2423 917 2459 istae

139 2474 216 2507 tres
229 2472 425 2507 beatorum
439 2469 689 2517 perfectiones
699 2470 917 2517 praecipuae,

140 2518 283 2555 scilicet
304 2531 311 2554 ι
333 2518 424 2554 visio
447 2517 746 2563 inobt'uscabiliS‚
767 2518 918 2555 dilectio

138 2565 408 2610 infastidibilis,
432 2565 550 2602 tentio
572 2564 844 2602 inamissibilis.

187 2615 322 2657 Glrmi,
345 2625 389 2649 nn
416 2624 582 2654 Qunuon
618 2624 790 2650 conroms
818 2625 919 2650 noa-1-

140 2672 219 2699 BUS.
241 2681 287 2689 —
307 2660 434 2697 Prima
452 2661 520 2697 dos
540 2662 710 2708 corporis
730 2664 788 2698 est
808 2661 920 2698 clari-

141 2713 211 2746 tas.
240 2708 313 2747 Sed
352 2708 489 2745 dicitur
522 2707 665 2755 aliquid
691 2708 835 2746 clarum
856 2710 922 2746 du-

136 2756 286 2804 pliciter
306 2768 315 2794 :
338 2760 405 2794 aut
425 2756 518 2804 quia
538 2755 724 2804 pervium,
746 2756 841 2794 sicut
861 2756 921 2793 di-

140 2804 237 2842 citur
247 2804 385 2843 vitrum
397 2804 554 2851 clarum;
567 2807 631 2842 aut
643 2804 920 2852 quialucidum‚

1001 227 1099 264 sicut
1119 228 1259 266 dicitur
1280 229 1391 267 stella
1412 230 1527 268 clara.
1556 231 1699 277 Corpus
1724 243 1787 270 au·

998 278 1077 311 tem
1100 276 1357 323 glorificatum
1385 278 1457 315 erit
1479 283 1518 316 et
1548 278 1718 325 pervium
1749 285 1787 317 et

998 322 1178 368 lucidum,
1207 328 1245 361 et
1276 324 1360 362 ideo
1387 329 1546 373 utroque
1574 326 1688 364 modo
1712 327 1786 364 erit

996 371 1154 407 clarum.
1182 373 1225 407 Et
1262 372 1334 409 crit
1363 384 1500 420 corpus
1531 373 1784 411 clarificatum

997 418 1135 464 septies
1168 422 1245 455 tam
1276 420 1419 457 clarum
1446 421 1543 458 sicut
1580 422 1693 458 modo
1727 426 1786 459 est

995 468 1050 519 sol
1065 478 1074 510 ;
1091 469 1127 502 et
1150 466 1277 503 anima
1302 468 1441 514 septies
1462 469 1602 506 clarior
1625 479 1784 516 corpore

997 516 1083 557 erit,
1100 524 1184 560 quae
1216 525 1353 560 corpus
1384 517 1485 552 velut
1515 516 1784 554 vestimentum

996 571 1105 597 suum
1128 561 1347 607 reinduens,
1369 573 1436 609 per
1465 564 1591 601 onmia
1613 566 1785 602 membra

996 608 1181 655 corporis,
1202 609 1303 645 velut
1318 611 1373 646 sol
1390 621 1457 657 per
1476 612 1708 658 crystallum,
1726 612 1781 649 lu-

996 656 1108 692 cebit.
1139 656 1212 693 Sed
1251 667 1412 704 corpora
1446 659 1669 696 Sanctorum
1704 671 1782 697 non

996 703 1195 748 :equaliter
1221 708 1337 741 erunt
1373 706 1490 751 clara,
1521 706 1609 753 quia
1646 707 1783 744 melior

997 751 1123 788 anima
1159 762 1296 798 corpus
1332 752 1493 790 lucidius
1531 754 1701 791 habebit.
1738 775 1785 781 -—

999 799 1172 836 Secunda
1198 800 1264 836 dos
1291 800 1462 846 corporis
1485 804 1544 838 est
1567 801 1783 849 impassibi-

960 864 962 903 ζ
997 846 1096 890 litas,
1120 857 1204 894 quae
1231 847 1390 884 resultat
1416 859 1460 884 ex
1486 848 1625 886 virtute
1645 848 1782 888 animae

995 905 1105 930 suum
1141 905 1277 942 corpus
1315 899 1491 942 potenter
1529 895 1781 944 continentis,

997 943 1048 978 ita
1075 945 1117 978 ut
1137 953 1159 978 a
1184 942 1286 979 nullo
1306 943 1482 980 exteriori
1502 948 1639 991 agente
1659 945 1783 982 valeat

997 989 1204 1026 immutari.
1225 990 1331 1027 Unde
1354 991 1384 1027 si
1405 990 1520 1028 etiam
1538 1003 1676 1039 corpus
1697 993 1780 1040 glo-

996 1037 1189 1074 rificatum
1216 1042 1422 1084 poneretur
1447 1039 1486 1075 in
1518 1039 1682 1085 inferno,
1705 1051 1781 1077 non

997 1087 1157 1121 sentiret
1183 1096 1225 1122 ex
1250 1086 1320 1122 boc
1352 1087 1546 1124 laesionem
1572 1088 1610 1123 in
1635 1087 1777 1134 aliquo.

995 1153 1042 1159 -—
1063 1132 1188 1169 Tertia
1210 1133 1278 1169 dos
1300 1134 1470 1180 corporis
1495 1138 1552 1171 est
1577 1134 1780 1181 subtilitas,

997 1190 1080 1226 quse
1099 1184 1211 1217 estex
1227 1181 1393 1226 perfecta
1405 1181 1573 1218 victoriae
1587 1182 1710 1219 forma
1720 1194 1781 1220 su-

994 1238 1064 1274 per
1075 1227 1288 1273 materiam,
1298 1232 1336 1265 et
1345 1229 1467 1265 aufert
1475 1229 1689 1276 grossitiem
1697 1241 1777 1267 cor-

996 1275 1109 1322 pori=,
1136 1286 1221 1322 quae
1248 1276 1404 1312 resultat
1431 1287 1475 1313 ex
1503 1277 1777 1324 compositione

995 1323 1329 1360 elementariarum
1344 1324 1584 1371 qualitatum.
1602 1327 1646 1361 Et
1660 1325 1779 1363 scien-

995 1371 1100 1416 dum,
1131 1371 1233 1417 quod
1268 1371 1365 1408 sicut
1401 1372 1475 1409 duo
1509 1383 1670 1420 corpora
1697 1384 1776 1410 non

995 1419 1220 1465 glorificata,
1239 1429 1315 1472 non
1330 1423 1488 1466 possunt
1504 1431 1588 1457 esse
1606 1421 1717 1458 simul
1737 1422 1776 1458 iu

958 1475 960 1491 ²
993 1467 1128 1503 eodem
1149 1466 1244 1511 loco,
1269 1478 1321 1503 Slc
1341 1478 1411 1504 nec
1430 1467 1504 1504 duo
1522 1478 1682 1515 corpora
1699 1469 1778 1516 glo-

994 1514 1161 1563 rificata;
1187 1514 1352 1560 alioquin
1372 1514 1411 1551 in
1431 1526 1504 1552 uno
1519 1526 1677 1563 corpore
1692 1517 1773 1563 glo-

994 1564 1140 1598 rificato
1161 1567 1260 1598 esset
1280 1562 1450 1609 potentia
1476 1563 1615 1610 agendi
1647 1567 1686 1600 et
1707 1563 1776 1601 in-

992 1609 1117 1646 trandi
1154 1614 1281 1656 partes
1320 1610 1489 1657 corporis
1521 1611 1697 1657 alterius,
1736 1612 1777 1648 in

993 1657 1066 1694 alio
1088 1668 1176 1694 vero
1195 1660 1295 1694 esset
1316 1658 1539 1705 impotentia
1559 1659 1773 1696 resistendi.

993 1706 1136 1752 Corpus
1162 1716 1251 1742 vero
1269 1705 1476 1751 gloriosum
1506 1709 1631 1753 potest
1661 1706 1774 1744 simul

993 1763 1076 1789 esse
1103 1752 1142 1789 in
1160 1753 1296 1789 eodem
1315 1752 1397 1789 loco
1412 1764 1497 1790 cum
1519 1765 1678 1801 corpore
1697 1765 1774 1792 non

992 1800 1219 1847 glorificato,
1253 1799 1342 1847 quia
1372 1805 1499 1848 potest
1528 1801 1623 1839 illud
1648 1813 1772 1849 pene-

991 1848 1128 1885 trando
1162 1847 1392 1894 subintrare,
1420 1852 1598 1886 manente
1631 1849 1773 1887 distin-

991 1895 1116 1933 ctione
1137 1895 1418 1933 dimensionum
1443 1897 1613 1944 corporis
1631 1897 1774 1934 utrius-

992 1954 1080 1990 que.
1098 1965 1145 1970 -
1165 1944 1307 1988 Quarta
1326 1944 1392 1981 dos
1418 1945 1589 1992 corporis
1615 1949 1671 1982 est
1695 1945 1773 1992 agi-

990 1992 1092 2037 litas,
1120 2002 1219 2038 quae,
1252 1992 1463 2028 secundum
1489 1993 1742 2038 Auqustinum
1762 2024 1770 2039 ,

990 2043 1098 2076 tanta
1126 2039 1211 2084 erit,
1245 2040 1345 2086 quod
1369 2038 1433 2076 ubi
1471 2040 1573 2077 volet
1603 2039 1772 2088 spiritus,

992 2086 1044 2124 ibi
1072 2086 1244 2133 protinus
1277 2086 1351 2124 erit
1392 2090 1429 2123 et
1457 2097 1608 2134 corpus.
1632 2090 1774 2125 Natura

992 2134 1091 2171 enim
1115 2134 1280 2170 totaliter
1303 2133 1375 2171 erit
1398 2135 1548 2172 subdita
1571 2135 1771 2182 voluntati,

991 2185 1029 2220 et
1057 2181 1142 2218 ideo
1169 2181 1382 2218 movebitur
1406 2192 1542 2229 corpus
1575 2183 1624 2219 ad
1648 2185 1774 2231 impe-

992 2229 1090 2266 rium
1110 2229 1277 2276 spiritus.
1292 2230 1560 2267 Verumtamen
1578 2230 1674 2268 sicut
1693 2241 1772 2268 me-

992 2277 1065 2314 lior
1085 2279 1214 2313 anima
1242 2287 1380 2323 corpus
1412 2277 1568 2314 habebit
1596 2277 1772 2324 lucidius,

993 2325 1047 2362 sic
1067 2329 1104 2361 et
1127 2323 1262 2371 agilius
1281 2336 1288 2360 :
1311 2324 1364 2360 ita
1382 2328 1510 2361 tamen
1528 2326 1629 2372 quod
1643 2326 1774 2363 volun-

992 2377 1051 2410 tas
1071 2374 1293 2409 Sanctorum
1311 2372 1383 2408 erit
1400 2373 1556 2409 omnino
1571 2374 1774 2421 conjuncta

993 2420 1146 2465 rationi,
1166 2423 1202 2455 et
1222 2419 1306 2456 ideo
1322 2419 1497 2457 voluntas
1512 2431 1645 2458 eorum
1662 2431 1774 2458 num-

994 2479 1107 2516 quam
1129 2468 1270 2514 appetit
1299 2467 1399 2514 quod
1426 2478 1502 2504 non
1522 2468 1648 2515 debet,
1671 2471 1774 2516 quia,

995 2521 1035 2553 ut
1053 2516 1104 2552 ait
1125 2514 1225 2551 idem
1251 2515 1496 2560 Auqustinus,
1518 2527 1588 2553 nec
1615 2517 1716 2554 volet
1734 2527 1775 2554 a·

997 2563 1116 2610 liquid
1132 2561 1302 2609 spiritus,
1315 2562 1415 2609 quod
1429 2574 1499 2600 nee
1512 2563 1686 2612 spiritum
1696 2575 1778 2612 pos-

999 2615 1056 2649 set
1074 2610 1222 2656 decere,
1248 2620 1316 2647 nec
1334 2620 1484 2658 corpus.

1047 2674 1066 2706 7
1087 2659 1140 2695 DE
1173 2669 1299 2695 ‘snmus
1325 2669 1514 2697 AUREOLIS.
1536 2680 1582 2687 —
1617 2659 1777 2704 Quidam

1001 2707 1128 2743 Sancti
1161 2705 1316 2754 insuper
1349 2706 1564 2753 specialiter
1587 2707 1779 2746 habebunt

999 2753 1210 2800 aureolam,
1247 2764 1333 2802 quae
1363 2757 1422 2792 est
1451 2754 1588 2792 mentis
1619 2754 1780 2803 speciale

999 2802 1194 2850 gaudium,
1206 2803 1244 2839 et
1261 2801 1432 2849 corporis
1447 2802 1651 2849 singularis
1669 2803 1782 2839 (iecur
