<?xml version="1.0" encoding="UTF-8"?>
<!DOCTYPE html PUBLIC "-//W3C//DTD XHTML 1.0 Transitional//EN"
    "http://www.w3.org/TR/xhtml1/DTD/xhtml1-transitional.dtd">
<html xmlns="http://www.w3.org/1999/xhtml" xml:lang="en" lang="en">
 <head>
  <title>
</title>
<meta http-equiv="Content-Type" content="text/html;charset=utf-8" />
  <meta name='ocr-system' content='tesseract 3.04.00' />
  <meta name='ocr-capabilities' content='ocr_page ocr_carea ocr_par ocr_line ocrx_word'/>
</head>
<body>
  <div class='ocr_page' id='page_1' title='image "./vitajesuchristie04ludouoft_0350.png"; bbox 0 0 1924 3157; ppageno 0'>
   <div class='ocr_carea' id='block_1_1' title="bbox 210 201 1455 240">
    <p class='ocr_par' dir='ltr' id='par_1_1' title="bbox 210 201 1455 240">
     <span class='ocr_line' id='line_1_1' title="bbox 210 201 1455 240; baseline 0 -6"><span class='ocrx_word' id='word_1_1' title='bbox 210 201 269 234; x_wconf 72' lang='lat'><em>342</em></span> <span class='ocrx_word' id='word_1_2' title='bbox 579 204 718 239; x_wconf 81' lang='lat' dir='ltr'>INDEX</span> <span class='ocrx_word' id='word_1_3' title='bbox 753 203 1102 240; x_wconf 76' lang='lat' dir='ltr'><em>EVANGELIORUM</em></span> <span class='ocrx_word' id='word_1_4' title='bbox 1139 201 1455 237; x_wconf 76' lang='lat' dir='ltr'><em>DOMINIGARUM</em></span> 
     </span>
    </p>
   </div>
   <div class='ocr_carea' id='block_1_2' title="bbox 255 272 983 450">
    <p class='ocr_par' dir='ltr' id='par_1_2' title="bbox 255 272 983 450">
     <span class='ocr_line' id='line_1_2' title="bbox 257 272 983 313; baseline 0 -5"><span class='ocrx_word' id='word_1_5' title='bbox 257 273 324 308; x_wconf 86' lang='lat' dir='ltr'><em>stis</em></span> <span class='ocrx_word' id='word_1_6' title='bbox 343 272 461 307; x_wconf 85' lang='lat' dir='ltr'><em>sancti</em></span> <span class='ocrx_word' id='word_1_7' title='bbox 474 272 586 313; x_wconf 85' lang='lat' dir='ltr'><em>Petri,</em></span> <span class='ocrx_word' id='word_1_8' title='bbox 601 272 762 310; x_wconf 85' lang='lat' dir='ltr'><em>scilicet:</em></span> <span class='ocrx_word' id='word_1_9' title='bbox 783 275 823 309; x_wconf 88' lang='lat'><em>18</em></span> <span class='ocrx_word' id='word_1_10' title='bbox 836 274 983 308; x_wconf 75' lang='lat' dir='ltr'><em>Ianua·-</em></span> 
     </span>
     <span class='ocr_line' id='line_1_3' title="bbox 257 319 981 363; baseline 0.003 -9"><span class='ocrx_word' id='word_1_11' title='bbox 257 320 308 354; x_wconf 85' lang='lat' dir='ltr'><em>rii</em></span> <span class='ocrx_word' id='word_1_12' title='bbox 327 333 334 354; x_wconf 92' lang='lat'><strong>:</strong></span> <span class='ocrx_word' id='word_1_13' title='bbox 353 319 538 355; x_wconf 79' lang='lat' dir='ltr'><em>Cathedrae</em></span> <span class='ocrx_word' id='word_1_14' title='bbox 546 321 687 363; x_wconf 83' lang='lat' dir='ltr'><em>Romae;</em></span> <span class='ocrx_word' id='word_1_15' title='bbox 707 333 748 356; x_wconf 81' lang='lat'><em>22</em></span> <span class='ocrx_word' id='word_1_16' title='bbox 765 320 956 356; x_wconf 76' lang='lat' dir='ltr'><em>Februarii</em></span> <span class='ocrx_word' id='word_1_17' title='bbox 973 331 981 356; x_wconf 77' lang='lat' dir='ltr'><em>t</em></span> 
     </span>
     <span class='ocr_line' id='line_1_4' title="bbox 259 366 982 412; baseline 0.003 -10"><span class='ocrx_word' id='word_1_18' title='bbox 259 366 444 402; x_wconf 81' lang='lat' dir='ltr'><em>Cathedrae</em></span> <span class='ocrx_word' id='word_1_19' title='bbox 460 366 688 412; x_wconf 73' lang='lat' dir='ltr'><em>Antiochiae5</em></span> <span class='ocrx_word' id='word_1_20' title='bbox 705 370 740 403; x_wconf 87' lang='lat' dir='ltr'><em>et</em></span> <span class='ocrx_word' id='word_1_21' title='bbox 760 381 773 403; x_wconf 85' lang='lat'>1</span> <span class='ocrx_word' id='word_1_22' title='bbox 795 367 957 412; x_wconf 69' lang='lat' dir='ltr'><em>Auqustz·</em></span> <span class='ocrx_word' id='word_1_23' title='bbox 974 378 982 404; x_wconf 77' lang='lat'>2</span> 
     </span>
     <span class='ocr_line' id='line_1_5' title="bbox 255 413 661 450; baseline 0.002 -1"><span class='ocrx_word' id='word_1_24' title='bbox 255 413 295 449; x_wconf 88' lang='lat' dir='ltr'><em>S.</em></span> <span class='ocrx_word' id='word_1_25' title='bbox 315 414 416 448; x_wconf 88' lang='lat' dir='ltr'><em>Petri</em></span> <span class='ocrx_word' id='word_1_26' title='bbox 435 413 483 448; x_wconf 84' lang='lat' dir='ltr'><em>ad</em></span> <span class='ocrx_word' id='word_1_27' title='bbox 502 415 661 450; x_wconf 86' lang='lat' dir='ltr'><em>vincula.</em></span> 
     </span>
    </p>
   </div>
   <div class='ocr_carea' id='block_1_3' title="bbox 208 469 984 564">
    <p class='ocr_par' dir='ltr' id='par_1_3' title="bbox 208 469 984 564">
     <span class='ocr_line' id='line_1_6' title="bbox 208 469 984 518; baseline 0.001 -13"><span class='ocrx_word' id='word_1_28' title='bbox 208 469 319 506; x_wconf 86' lang='lat' dir='ltr'>Venit</span> <span class='ocrx_word' id='word_1_29' title='bbox 345 471 452 506; x_wconf 87' lang='lat' dir='ltr'><em>Jesus</em></span> <span class='ocrx_word' id='word_1_30' title='bbox 477 471 515 507; x_wconf 90' lang='lat' dir='ltr'><em>in</em></span> <span class='ocrx_word' id='word_1_31' title='bbox 537 476 663 518; x_wconf 82' lang='lat' dir='ltr'><em>partes</em></span> <span class='ocrx_word' id='word_1_32' title='bbox 686 472 867 509; x_wconf 83' lang='lat' dir='ltr'><em>Caesareae</em></span> <span class='ocrx_word' id='word_1_33' title='bbox 883 471 984 508; x_wconf 85' lang='lat' dir='ltr'><em>Phil-</em></span> 
     </span>
     <span class='ocr_line' id='line_1_7' title="bbox 256 516 912 564; baseline 0.006 -12"><span class='ocrx_word' id='word_1_34' title='bbox 256 516 346 563; x_wconf 85' lang='lat' dir='ltr'><em>ippi,</em></span> <span class='ocrx_word' id='word_1_35' title='bbox 365 522 435 554; x_wconf 87' lang='lat' dir='ltr'><em>etc.</em></span> <span class='ocrx_word' id='word_1_36' title='bbox 460 519 593 556; x_wconf 84' lang='lat' dir='ltr'><em>Matth.</em></span> <span class='ocrx_word' id='word_1_37' title='bbox 618 523 671 556; x_wconf 89' lang='lat'><em>16.</em></span> <span class='ocrx_word' id='word_1_38' title='bbox 695 521 736 556; x_wconf 99' lang='lat' dir='ltr'><em>P.</em></span> <span class='ocrx_word' id='word_1_39' title='bbox 760 519 809 564; x_wconf 93' lang='lat' dir='ltr'><em>II,</em></span> <span class='ocrx_word' id='word_1_40' title='bbox 832 531 863 555; x_wconf 85' lang='lat' dir='ltr'><strong>c.</strong></span> <span class='ocrx_word' id='word_1_41' title='bbox 881 533 912 556; x_wconf 85' lang='lat'><strong>1.</strong></span> 
     </span>
    </p>
   </div>
   <div class='ocr_carea' id='block_1_4' title="bbox 307 577 887 672">
    <p class='ocr_par' dir='ltr' id='par_1_4' title="bbox 307 577 887 672">
     <span class='ocr_line' id='line_1_8' title="bbox 307 577 887 615; baseline 0.002 -4"><span class='ocrx_word' id='word_1_42' title='bbox 307 578 328 611; x_wconf 92' lang='grc'>6</span> <span class='ocrx_word' id='word_1_43' title='bbox 347 577 440 612; x_wconf 86' lang='lat' dir='ltr'><em>Julii</em></span> <span class='ocrx_word' id='word_1_44' title='bbox 457 591 465 612; x_wconf 75' lang='lat' dir='ltr'>z</span> <span class='ocrx_word' id='word_1_45' title='bbox 487 577 628 614; x_wconf 81' lang='lat' dir='ltr'><em>Octavae</em></span> <span class='ocrx_word' id='word_1_46' title='bbox 647 579 714 615; x_wconf 93' lang='lat' dir='ltr'><em>SS.</em></span> <span class='ocrx_word' id='word_1_47' title='bbox 735 579 835 614; x_wconf 86' lang='lat' dir='ltr'><em>Petri</em></span> <span class='ocrx_word' id='word_1_48' title='bbox 853 579 887 613; x_wconf 87' lang='lat' dir='ltr'><em>et</em></span> 
     </span>
     <span class='ocr_line' id='line_1_9' title="bbox 385 624 806 672; baseline 0.002 -13"><span class='ocrx_word' id='word_1_49' title='bbox 385 624 508 668; x_wconf 88' lang='lat' dir='ltr'><em>Pauli,</em></span> <span class='ocrx_word' id='word_1_50' title='bbox 536 625 806 672; x_wconf 81' lang='lat' dir='ltr'><em>Apostolorum.</em></span> 
     </span>
    </p>
   </div>
   <div class='ocr_carea' id='block_1_5' title="bbox 205 682 984 825">
    <p class='ocr_par' dir='ltr' id='par_1_5' title="bbox 205 682 984 825">
     <span class='ocr_line' id='line_1_10' title="bbox 205 682 984 731; baseline -0.001 -12"><span class='ocrx_word' id='word_1_51' title='bbox 205 682 392 729; x_wconf 81' lang='lat' dir='ltr'>Compulit</span> <span class='ocrx_word' id='word_1_52' title='bbox 416 684 521 720; x_wconf 89' lang='lat' dir='ltr'><em>Jesus</em></span> <span class='ocrx_word' id='word_1_53' title='bbox 547 684 750 731; x_wconf 83' lang='lat' dir='ltr'><em>discipulos</em></span> <span class='ocrx_word' id='word_1_54' title='bbox 777 683 984 720; x_wconf 87' lang='lat' dir='ltr'><em>ascendere</em></span> 
     </span>
     <span class='ocr_line' id='line_1_11' title="bbox 253 729 982 825; baseline 0 -59"><span class='ocrx_word' id='word_1_55' title='bbox 253 729 293 814; x_wconf 56' lang='lat' dir='ltr'><em>{n</em></span> <span class='ocrx_word' id='word_1_56' title='bbox 308 730 539 825; x_wconf 52' lang='lat' dir='ltr'><em>ggviculam</em></span> <span class='ocrx_word' id='word_1_57' title='bbox 561 735 631 769; x_wconf 83' lang='lat' dir='ltr'><em>etc.</em></span> <span class='ocrx_word' id='word_1_58' title='bbox 655 733 787 768; x_wconf 85' lang='lat' dir='ltr'><em>Matth.</em></span> <span class='ocrx_word' id='word_1_59' title='bbox 814 733 868 774; x_wconf 79' lang='grc' dir='ltr'><em>ι4.</em></span> <span class='ocrx_word' id='word_1_60' title='bbox 891 731 932 766; x_wconf 88' lang='lat' dir='ltr'><em>P.</em></span> <span class='ocrx_word' id='word_1_61' title='bbox 951 729 982 776; x_wconf 94' lang='lat' dir='ltr'><em>I,</em></span> 
     </span>
    </p>
   </div>
   <div class='ocr_carea' id='block_1_6' title="bbox 224 838 963 1025">
    <p class='ocr_par' dir='ltr' id='par_1_6' title="bbox 224 838 963 1025">
     <span class='ocr_line' id='line_1_12' title="bbox 326 838 864 885; baseline 0.002 -12"><span class='ocrx_word' id='word_1_62' title='bbox 326 838 340 851; x_wconf 81' lang='lat'><strong>*</strong></span> <span class='ocrx_word' id='word_1_63' title='bbox 353 839 542 874; x_wconf 85' lang='lat' dir='ltr'><em>Dominica</em></span> <span class='ocrx_word' id='word_1_64' title='bbox 560 840 579 875; x_wconf 91' lang='lat' dir='ltr'><strong><em>I</em></strong></span> <span class='ocrx_word' id='word_1_65' title='bbox 591 843 673 885; x_wconf 87' lang='lat' dir='ltr'><em>post</em></span> <span class='ocrx_word' id='word_1_66' title='bbox 693 838 864 875; x_wconf 81' lang='lat' dir='ltr'><em>Octavam</em></span> 
     </span>
     <span class='ocr_line' id='line_1_13' title="bbox 224 884 963 922; baseline 0.001 -2"><span class='ocrx_word' id='word_1_67' title='bbox 224 884 290 921; x_wconf 89' lang='lat' dir='ltr'><em>SS.</em></span> <span class='ocrx_word' id='word_1_68' title='bbox 311 886 411 920; x_wconf 84' lang='lat' dir='ltr'><em>Petri</em></span> <span class='ocrx_word' id='word_1_69' title='bbox 429 889 463 920; x_wconf 89' lang='lat' dir='ltr'><em>et</em></span> <span class='ocrx_word' id='word_1_70' title='bbox 481 887 591 921; x_wconf 86' lang='lat' dir='ltr'><em>Pauli</em></span> <span class='ocrx_word' id='word_1_71' title='bbox 611 899 622 921; x_wconf 94' lang='lat'><em>.·</em></span> <span class='ocrx_word' id='word_1_72' title='bbox 649 885 963 922; x_wconf 82' lang='lat' dir='ltr'><em>Commemoratio-</em></span> 
     </span>
     <span class='ocr_line' id='line_1_14' title="bbox 307 933 879 969; baseline 0.002 -2"><span class='ocrx_word' id='word_1_73' title='bbox 307 933 366 967; x_wconf 87' lang='lat' dir='ltr'><em>nis</em></span> <span class='ocrx_word' id='word_1_74' title='bbox 383 934 541 968; x_wconf 89' lang='lat' dir='ltr'><em>omnium</em></span> <span class='ocrx_word' id='word_1_75' title='bbox 559 934 625 969; x_wconf 92' lang='lat' dir='ltr'><em>SS.</em></span> <span class='ocrx_word' id='word_1_76' title='bbox 647 934 879 969; x_wconf 86' lang='lat' dir='ltr'><em>Summorum</em></span> 
     </span>
     <span class='ocr_line' id='line_1_15' title="bbox 477 981 706 1025; baseline 0.013 -11"><span class='ocrx_word' id='word_1_77' title='bbox 477 981 706 1025; x_wconf 75' lang='lat' dir='ltr'><em>Pontificum.</em></span> 
     </span>
    </p>
   </div>
   <div class='ocr_carea' id='block_1_7' title="bbox 206 1036 981 1131">
    <p class='ocr_par' dir='ltr' id='par_1_7' title="bbox 206 1036 981 1131">
     <span class='ocr_line' id='line_1_16' title="bbox 206 1036 981 1083; baseline 0.003 -10"><span class='ocrx_word' id='word_1_78' title='bbox 206 1036 317 1073; x_wconf 81' lang='lat' dir='ltr'>Venit</span> <span class='ocrx_word' id='word_1_79' title='bbox 335 1037 446 1073; x_wconf 86' lang='lat' dir='ltr'><em>Jesus</em></span> <span class='ocrx_word' id='word_1_80' title='bbox 469 1037 509 1073; x_wconf 92' lang='lat' dir='ltr'><em>in</em></span> <span class='ocrx_word' id='word_1_81' title='bbox 532 1041 657 1083; x_wconf 83' lang='lat' dir='ltr'><em>partes</em></span> <span class='ocrx_word' id='word_1_82' title='bbox 682 1039 864 1075; x_wconf 83' lang='lat' dir='ltr'><em>Caesareae</em></span> <span class='ocrx_word' id='word_1_83' title='bbox 886 1037 981 1074; x_wconf 88' lang='lat' dir='ltr'><em>Phi-</em></span> 
     </span>
     <span class='ocr_line' id='line_1_17' title="bbox 255 1083 907 1131; baseline 0.003 -12"><span class='ocrx_word' id='word_1_84' title='bbox 255 1083 359 1130; x_wconf 84' lang='lat' dir='ltr'><em>lippi,</em></span> <span class='ocrx_word' id='word_1_85' title='bbox 380 1087 451 1120; x_wconf 84' lang='lat' dir='ltr'><em>etc.</em></span> <span class='ocrx_word' id='word_1_86' title='bbox 474 1087 582 1121; x_wconf 79' lang='lat' dir='ltr'><em>Matt.</em></span> <span class='ocrx_word' id='word_1_87' title='bbox 611 1089 664 1122; x_wconf 87' lang='lat'><strong>16.</strong></span> <span class='ocrx_word' id='word_1_88' title='bbox 686 1087 727 1122; x_wconf 91' lang='lat' dir='ltr'><em>P.</em></span> <span class='ocrx_word' id='word_1_89' title='bbox 748 1086 800 1131; x_wconf 90' lang='grc' dir='ltr'><em>ΙΙ,</em></span> <span class='ocrx_word' id='word_1_90' title='bbox 825 1097 856 1122; x_wconf 86' lang='lat' dir='ltr'><strong>c.</strong></span> <span class='ocrx_word' id='word_1_91' title='bbox 878 1101 907 1122; x_wconf 92' lang='lat'><em>1.</em></span> 
     </span>
    </p>
   </div>
   <div class='ocr_carea' id='block_1_8' title="bbox 210 1144 984 1558">
    <p class='ocr_par' dir='ltr' id='par_1_8' title="bbox 238 1144 944 1237">
     <span class='ocr_line' id='line_1_18' title="bbox 238 1144 944 1189; baseline 0.003 -10"><span class='ocrx_word' id='word_1_92' title='bbox 238 1144 252 1158; x_wconf 81' lang='lat'>&#39;</span> <span class='ocrx_word' id='word_1_93' title='bbox 271 1144 463 1179; x_wconf 86' lang='lat' dir='ltr'><em>Dominica</em></span> <span class='ocrx_word' id='word_1_94' title='bbox 482 1146 519 1180; x_wconf 93' lang='grc' dir='ltr'><em>ΙΙ</em></span> <span class='ocrx_word' id='word_1_95' title='bbox 532 1145 625 1180; x_wconf 85' lang='lat' dir='ltr'><em>Julii</em></span> <span class='ocrx_word' id='word_1_96' title='bbox 643 1156 651 1180; x_wconf 73' lang='grc' dir='ltr'>ε</span> <span class='ocrx_word' id='word_1_97' title='bbox 674 1146 712 1181; x_wconf 89' lang='lat' dir='ltr'><em>S.</em></span> <span class='ocrx_word' id='word_1_98' title='bbox 732 1146 944 1189; x_wconf 80' lang='lat' dir='ltr'><em>Pulcheriae‚</em></span> 
     </span>
     <span class='ocr_line' id='line_1_19' title="bbox 358 1192 816 1237; baseline 0.009 -12"><span class='ocrx_word' id='word_1_99' title='bbox 358 1192 618 1237; x_wconf 84' lang='lat' dir='ltr'><em>Imperatricis,</em></span> <span class='ocrx_word' id='word_1_100' title='bbox 636 1194 816 1236; x_wconf 72' lang='lat' dir='ltr'><em>Virqinis.</em></span> 
     </span>
    </p>

    <p class='ocr_par' dir='ltr' id='par_1_9' title="bbox 210 1251 983 1298">
     <span class='ocr_line' id='line_1_20' title="bbox 210 1251 983 1298; baseline 0.003 -13"><span class='ocrx_word' id='word_1_101' title='bbox 210 1251 297 1285; x_wconf 84' lang='lat' dir='ltr'><em>Haec</em></span> <span class='ocrx_word' id='word_1_102' title='bbox 317 1253 373 1286; x_wconf 91' lang='lat' dir='ltr'><em>est</em></span> <span class='ocrx_word' id='word_1_103' title='bbox 397 1254 521 1286; x_wconf 86' lang='lat' dir='ltr'><em>autem</em></span> <span class='ocrx_word' id='word_1_104' title='bbox 550 1252 624 1286; x_wconf 87' lang='lat' dir='ltr'><em>vita</em></span> <span class='ocrx_word' id='word_1_105' title='bbox 647 1254 801 1296; x_wconf 81' lang='lat' dir='ltr'><em>aeterna,</em></span> <span class='ocrx_word' id='word_1_106' title='bbox 832 1253 872 1287; x_wconf 91' lang='lat' dir='ltr'><em>ut</em></span> <span class='ocrx_word' id='word_1_107' title='bbox 897 1261 983 1298; x_wconf 86' lang='lat' dir='ltr'><em>cog-</em></span> 
     </span>
    </p>

    <p class='ocr_par' dir='ltr' id='par_1_10' title="bbox 257 1297 981 1448">
     <span class='ocr_line' id='line_1_21' title="bbox 257 1297 981 1347; baseline 0.004 -15"><span class='ocrx_word' id='word_1_108' title='bbox 257 1301 425 1343; x_wconf 84' lang='lat' dir='ltr'><em>noscant,</em></span> <span class='ocrx_word' id='word_1_109' title='bbox 448 1302 518 1334; x_wconf 87' lang='lat' dir='ltr'><em>etc.</em></span> <span class='ocrx_word' id='word_1_110' title='bbox 537 1300 643 1334; x_wconf 84' lang='lat' dir='ltr'><em>Joan.</em></span> <span class='ocrx_word' id='word_1_111' title='bbox 668 1313 721 1345; x_wconf 85' lang='lat'><strong>17.</strong></span> <span class='ocrx_word' id='word_1_112' title='bbox 746 1299 787 1334; x_wconf 89' lang='lat' dir='ltr'><em>P.</em></span> <span class='ocrx_word' id='word_1_113' title='bbox 808 1297 858 1343; x_wconf 93' lang='grc' dir='ltr'><em>ΙΙ,</em></span> <span class='ocrx_word' id='word_1_114' title='bbox 878 1309 909 1335; x_wconf 81' lang='lat' dir='ltr'><em>e.</em></span> <span class='ocrx_word' id='word_1_115' title='bbox 924 1303 981 1347; x_wconf 89' lang='lat'><em>57.</em></span> 
     </span>
     <span class='ocr_line' id='line_1_22' title="bbox 301 1356 888 1403; baseline 0.002 -11"><span class='ocrx_word' id='word_1_116' title='bbox 301 1358 315 1371; x_wconf 83' lang='lat'><em>“</em></span> <span class='ocrx_word' id='word_1_117' title='bbox 336 1359 378 1400; x_wconf 74' lang='grc'><em>24</em></span> <span class='ocrx_word' id='word_1_118' title='bbox 400 1356 562 1393; x_wconf 76' lang='lat' dir='ltr'><em>Octobris</em></span> <span class='ocrx_word' id='word_1_119' title='bbox 584 1370 592 1391; x_wconf 91' lang='lat'>:</span> <span class='ocrx_word' id='word_1_120' title='bbox 615 1358 654 1394; x_wconf 91' lang='lat' dir='ltr'><em>S.</em></span> <span class='ocrx_word' id='word_1_121' title='bbox 675 1358 888 1403; x_wconf 82' lang='lat' dir='ltr'><em>Raphaelis,</em></span> 
     </span>
     <span class='ocr_line' id='line_1_23' title="bbox 475 1404 712 1448; baseline 0.008 -9"><span class='ocrx_word' id='word_1_122' title='bbox 475 1404 712 1448; x_wconf 70' lang='lat' dir='ltr'><em>Archanyeli.</em></span> 
     </span>
    </p>

    <p class='ocr_par' dir='ltr' id='par_1_11' title="bbox 210 1463 984 1547">
     <span class='ocr_line' id='line_1_24' title="bbox 210 1463 984 1547; baseline 0.003 -49"><span class='ocrx_word' id='word_1_123' title='bbox 210 1463 299 1500; x_wconf 83' lang='lat' dir='ltr'>Erat</span> <span class='ocrx_word' id='word_1_124' title='bbox 315 1463 397 1547; x_wconf 48' lang='lat' dir='ltr'><em>gie}</em></span> <span class='ocrx_word' id='word_1_125' title='bbox 408 1463 532 1546; x_wconf 76' lang='lat' dir='ltr'><em>festus8</em></span> <span class='ocrx_word' id='word_1_126' title='bbox 541 1463 773 1508; x_wconf 79' lang='lat' dir='ltr'><em>Judaeorum,</em></span> <span class='ocrx_word' id='word_1_127' title='bbox 790 1465 862 1500; x_wconf 87' lang='lat' dir='ltr'><em>etc.</em></span> <span class='ocrx_word' id='word_1_128' title='bbox 877 1465 984 1500; x_wconf 84' lang='lat' dir='ltr'><em>Joan.</em></span> 
     </span>
    </p>

    <p class='ocr_par' dir='ltr' id='par_1_12' title="bbox 256 1514 546 1558">
     <span class='ocr_line' id='line_1_25' title="bbox 256 1514 546 1558; baseline -0.003 -11"><span class='ocrx_word' id='word_1_129' title='bbox 256 1514 289 1547; x_wconf 90' lang='lat'><em>5.</em></span> <span class='ocrx_word' id='word_1_130' title='bbox 348 1539 355 1546; x_wconf 97' lang='lat'><em>.</em></span> <span class='ocrx_word' id='word_1_131' title='bbox 403 1538 412 1556; x_wconf 87' lang='lat'>‚</span> <span class='ocrx_word' id='word_1_132' title='bbox 434 1521 465 1546; x_wconf 84' lang='lat' dir='ltr'><strong>c.</strong></span> <span class='ocrx_word' id='word_1_133' title='bbox 488 1525 506 1558; x_wconf 87' lang='lat'><strong>7</strong></span> <span class='ocrx_word' id='word_1_134' title='bbox 539 1538 546 1546; x_wconf 94' lang='lat'><em>.</em></span> 
     </span>
    </p>
   </div>
   <div class='ocr_carea' id='block_1_9' title="bbox 210 1569 984 1758">
    <p class='ocr_par' dir='ltr' id='par_1_13' title="bbox 210 1569 984 1711">
     <span class='ocr_line' id='line_1_26' title="bbox 316 1569 874 1608; baseline 0.002 -2"><span class='ocrx_word' id='word_1_135' title='bbox 316 1571 509 1606; x_wconf 85' lang='lat' dir='ltr'><em>Dominica</em></span> <span class='ocrx_word' id='word_1_136' title='bbox 529 1570 660 1606; x_wconf 85' lang='lat' dir='ltr'><em>ultima</em></span> <span class='ocrx_word' id='word_1_137' title='bbox 680 1569 844 1606; x_wconf 80' lang='lat' dir='ltr'><em>Octobris</em></span> <span class='ocrx_word' id='word_1_138' title='bbox 866 1582 874 1608; x_wconf 90' lang='lat'><strong>:</strong></span> 
     </span>
     <span class='ocr_line' id='line_1_27' title="bbox 342 1619 844 1663; baseline -0.004 -9"><span class='ocrx_word' id='word_1_139' title='bbox 342 1619 559 1654; x_wconf 84' lang='lat' dir='ltr'><em>Sanctarum</em></span> <span class='ocrx_word' id='word_1_140' title='bbox 579 1619 844 1663; x_wconf 76' lang='lat' dir='ltr'><em>Reliquiarum.</em></span> 
     </span>
     <span class='ocr_line' id='line_1_28' title="bbox 210 1664 984 1711; baseline -0.001 -9"><span class='ocrx_word' id='word_1_141' title='bbox 210 1666 448 1702; x_wconf 79' lang='lat' dir='ltr'>Descendens</span> <span class='ocrx_word' id='word_1_142' title='bbox 481 1666 590 1701; x_wconf 90' lang='lat' dir='ltr'><em>Jesus</em></span> <span class='ocrx_word' id='word_1_143' title='bbox 623 1666 668 1701; x_wconf 85' lang='lat' dir='ltr'><em>de</em></span> <span class='ocrx_word' id='word_1_144' title='bbox 697 1667 837 1707; x_wconf 89' lang='lat' dir='ltr'><em>monte,</em></span> <span class='ocrx_word' id='word_1_145' title='bbox 869 1664 984 1711; x_wconf 90' lang='lat' dir='ltr'><em>stetit,</em></span> 
     </span>
    </p>

    <p class='ocr_par' dir='ltr' id='par_1_14' title="bbox 255 1711 743 1758">
     <span class='ocr_line' id='line_1_29' title="bbox 255 1711 743 1758; baseline -0.002 -9"><span class='ocrx_word' id='word_1_146' title='bbox 255 1716 325 1749; x_wconf 86' lang='lat' dir='ltr'><em>etc.</em></span> <span class='ocrx_word' id='word_1_147' title='bbox 347 1714 433 1748; x_wconf 89' lang='lat' dir='ltr'><em>Luc.</em></span> <span class='ocrx_word' id='word_1_148' title='bbox 460 1715 494 1748; x_wconf 88' lang='lat'><em>6.</em></span> <span class='ocrx_word' id='word_1_149' title='bbox 518 1713 559 1748; x_wconf 90' lang='lat' dir='ltr'><em>P.</em></span> <span class='ocrx_word' id='word_1_150' title='bbox 580 1711 610 1758; x_wconf 92' lang='lat' dir='ltr'><em>I,</em></span> <span class='ocrx_word' id='word_1_151' title='bbox 630 1723 662 1748; x_wconf 77' lang='lat' dir='ltr'><em>e.</em></span> <span class='ocrx_word' id='word_1_152' title='bbox 684 1715 743 1748; x_wconf 91' lang='grc'><em>55.</em></span> 
     </span>
    </p>
   </div>
   <div class='ocr_carea' id='block_1_10' title="bbox 244 1772 954 1865">
    <p class='ocr_par' dir='ltr' id='par_1_15' title="bbox 244 1772 954 1865">
     <span class='ocr_line' id='line_1_30' title="bbox 244 1772 954 1816; baseline 0 -8"><span class='ocrx_word' id='word_1_153' title='bbox 244 1773 258 1786; x_wconf 79' lang='lat'><strong>&#39;</strong></span> <span class='ocrx_word' id='word_1_154' title='bbox 281 1785 322 1808; x_wconf 86' lang='lat'><em>22</em></span> <span class='ocrx_word' id='word_1_155' title='bbox 340 1772 530 1816; x_wconf 72' lang='lat' dir='ltr'><em>Auqusti:</em></span> <span class='ocrx_word' id='word_1_156' title='bbox 552 1772 591 1808; x_wconf 88' lang='lat' dir='ltr'><em>S.</em></span> <span class='ocrx_word' id='word_1_157' title='bbox 613 1772 808 1816; x_wconf 81' lang='lat' dir='ltr'><em>Samuelis,</em></span> <span class='ocrx_word' id='word_1_158' title='bbox 830 1772 954 1809; x_wconf 84' lang='lat' dir='ltr'><em>Sacer-</em></span> 
     </span>
     <span class='ocr_line' id='line_1_31' title="bbox 413 1819 784 1865; baseline 0 -11"><span class='ocrx_word' id='word_1_159' title='bbox 413 1819 508 1855; x_wconf 81' lang='lat' dir='ltr'><em>dotis</em></span> <span class='ocrx_word' id='word_1_160' title='bbox 528 1821 561 1855; x_wconf 90' lang='lat' dir='ltr'><em>et</em></span> <span class='ocrx_word' id='word_1_161' title='bbox 583 1820 784 1865; x_wconf 79' lang='lat' dir='ltr'><em>Prophetae.</em></span> 
     </span>
    </p>
   </div>
   <div class='ocr_carea' id='block_1_11' title="bbox 208 1878 985 1975">
    <p class='ocr_par' dir='ltr' id='par_1_16' title="bbox 208 1878 985 1975">
     <span class='ocr_line' id='line_1_32' title="bbox 208 1878 985 1926; baseline 0 -9"><span class='ocrx_word' id='word_1_162' title='bbox 208 1881 327 1917; x_wconf 90' lang='lat' dir='ltr'><em>Homo</em></span> <span class='ocrx_word' id='word_1_163' title='bbox 346 1879 498 1925; x_wconf 88' lang='lat' dir='ltr'><em>quidam</em></span> <span class='ocrx_word' id='word_1_164' title='bbox 521 1878 656 1915; x_wconf 76' lang='lat' dir='ltr'><em>nobilis</em></span> <span class='ocrx_word' id='word_1_165' title='bbox 681 1879 785 1926; x_wconf 87' lang='lat' dir='ltr'><em>abiit,</em></span> <span class='ocrx_word' id='word_1_166' title='bbox 806 1882 876 1916; x_wconf 87' lang='lat' dir='ltr'><em>etc.</em></span> <span class='ocrx_word' id='word_1_167' title='bbox 898 1881 985 1918; x_wconf 85' lang='lat' dir='ltr'><em>Luc.</em></span> 
     </span>
     <span class='ocr_line' id='line_1_33' title="bbox 261 1926 580 1975; baseline -0.006 -12"><span class='ocrx_word' id='word_1_168' title='bbox 261 1942 316 1975; x_wconf 90' lang='lat'><em>19.</em></span> <span class='ocrx_word' id='word_1_169' title='bbox 340 1928 380 1963; x_wconf 90' lang='lat' dir='ltr'><em>P.</em></span> <span class='ocrx_word' id='word_1_170' title='bbox 401 1926 450 1971; x_wconf 84' lang='lat' dir='ltr'><em>II,</em></span> <span class='ocrx_word' id='word_1_171' title='bbox 472 1937 502 1963; x_wconf 87' lang='lat' dir='ltr'><em>C.</em></span> <span class='ocrx_word' id='word_1_172' title='bbox 521 1930 580 1974; x_wconf 85' lang='grc'><em>49.</em></span> 
     </span>
    </p>
   </div>
   <div class='ocr_carea' id='block_1_12' title="bbox 242 1988 955 2026">
    <p class='ocr_par' dir='ltr' id='par_1_17' title="bbox 242 1988 955 2026">
     <span class='ocr_line' id='line_1_34' title="bbox 242 1988 955 2026; baseline 0 0"><span class='ocrx_word' id='word_1_173' title='bbox 242 2003 254 2025; x_wconf 89' lang='lat'>1</span> <span class='ocrx_word' id='word_1_174' title='bbox 276 1988 488 2026; x_wconf 80' lang='lat' dir='ltr'><em>Novembris</em></span> <span class='ocrx_word' id='word_1_175' title='bbox 509 2002 517 2024; x_wconf 90' lang='lat'><strong>:</strong></span> <span class='ocrx_word' id='word_1_176' title='bbox 541 1988 709 2024; x_wconf 82' lang='lat' dir='ltr'><em>Omnium</em></span> <span class='ocrx_word' id='word_1_177' title='bbox 726 1989 955 2026; x_wconf 80' lang='lat' dir='ltr'><em>Sanctorum.</em></span> 
     </span>
    </p>
   </div>
   <div class='ocr_carea' id='block_1_13' title="bbox 211 2046 988 2141">
    <p class='ocr_par' dir='ltr' id='par_1_18' title="bbox 211 2046 988 2141">
     <span class='ocr_line' id='line_1_35' title="bbox 211 2046 988 2085; baseline 0.003 -2"><span class='ocrx_word' id='word_1_178' title='bbox 211 2046 350 2083; x_wconf 86' lang='lat' dir='ltr'><em>Videns</em></span> <span class='ocrx_word' id='word_1_179' title='bbox 366 2049 474 2083; x_wconf 88' lang='lat' dir='ltr'><em>Jesus</em></span> <span class='ocrx_word' id='word_1_180' title='bbox 493 2048 621 2084; x_wconf 76' lang='lat' dir='ltr'><em>turbas</em></span> <span class='ocrx_word' id='word_1_181' title='bbox 639 2049 809 2085; x_wconf 86' lang='lat' dir='ltr'><em>ascendit</em></span> <span class='ocrx_word' id='word_1_182' title='bbox 826 2048 865 2084; x_wconf 93' lang='lat' dir='ltr'><em>in</em></span> <span class='ocrx_word' id='word_1_183' title='bbox 886 2058 988 2085; x_wconf 87' lang='lat' dir='ltr'><em>mon-</em></span> 
     </span>
     <span class='ocr_line' id='line_1_36' title="bbox 255 2096 893 2141; baseline 0.003 -11"><span class='ocrx_word' id='word_1_184' title='bbox 255 2097 346 2139; x_wconf 86' lang='lat' dir='ltr'><em>tem,</em></span> <span class='ocrx_word' id='word_1_185' title='bbox 365 2099 436 2130; x_wconf 82' lang='lat' dir='ltr'><em>ete.</em></span> <span class='ocrx_word' id='word_1_186' title='bbox 459 2096 592 2132; x_wconf 83' lang='lat' dir='ltr'><em>Matth.</em></span> <span class='ocrx_word' id='word_1_187' title='bbox 615 2099 648 2132; x_wconf 85' lang='lat'><em>5.</em></span> <span class='ocrx_word' id='word_1_188' title='bbox 670 2096 757 2141; x_wconf 90' lang='grc' dir='ltr'><em>Ρ.Ι,</em></span> <span class='ocrx_word' id='word_1_189' title='bbox 779 2108 810 2132; x_wconf 87' lang='lat' dir='ltr'><strong>c.</strong></span> <span class='ocrx_word' id='word_1_190' title='bbox 833 2100 893 2132; x_wconf 93' lang='grc'><em>55.</em></span> 
     </span>
    </p>
   </div>
   <div class='ocr_carea' id='block_1_14' title="bbox 303 2154 899 2249">
    <p class='ocr_par' dir='ltr' id='par_1_19' title="bbox 303 2154 899 2249">
     <span class='ocr_line' id='line_1_37' title="bbox 303 2154 899 2202; baseline 0.003 -12"><span class='ocrx_word' id='word_1_191' title='bbox 303 2154 317 2168; x_wconf 79' lang='grc'><em>·</em></span> <span class='ocrx_word' id='word_1_192' title='bbox 342 2169 379 2191; x_wconf 87' lang='lat'><em>11</em></span> <span class='ocrx_word' id='word_1_193' title='bbox 402 2155 595 2191; x_wconf 80' lang='lat' dir='ltr'><em>Februarii</em></span> <span class='ocrx_word' id='word_1_194' title='bbox 617 2167 623 2192; x_wconf 73' lang='grc' dir='ltr'><em>ι</em></span> <span class='ocrx_word' id='word_1_195' title='bbox 648 2157 686 2193; x_wconf 92' lang='lat' dir='ltr'><em>S.</em></span> <span class='ocrx_word' id='word_1_196' title='bbox 707 2157 899 2202; x_wconf 82' lang='lat' dir='ltr'><em>Simeonis,</em></span> 
     </span>
     <span class='ocr_line' id='line_1_38' title="bbox 498 2204 698 2249; baseline 0.005 -11"><span class='ocrx_word' id='word_1_197' title='bbox 498 2204 698 2249; x_wconf 78' lang='lat' dir='ltr'><em>Prophetae.</em></span> 
     </span>
    </p>
   </div>
   <div class='ocr_carea' id='block_1_15' title="bbox 213 2261 989 2306">
    <p class='ocr_par' dir='ltr' id='par_1_20' title="bbox 213 2261 989 2306">
     <span class='ocr_line' id='line_1_39' title="bbox 213 2261 989 2306; baseline 0.005 -11"><span class='ocrx_word' id='word_1_198' title='bbox 213 2261 331 2296; x_wconf 89' lang='lat' dir='ltr'><em>Homo</em></span> <span class='ocrx_word' id='word_1_199' title='bbox 356 2263 436 2297; x_wconf 85' lang='lat' dir='ltr'><em>erat</em></span> <span class='ocrx_word' id='word_1_200' title='bbox 457 2261 493 2297; x_wconf 90' lang='lat' dir='ltr'><em>in</em></span> <span class='ocrx_word' id='word_1_201' title='bbox 510 2262 734 2306; x_wconf 80' lang='lat' dir='ltr'><em>Jerusalem,</em></span> <span class='ocrx_word' id='word_1_202' title='bbox 755 2261 814 2298; x_wconf 84' lang='lat' dir='ltr'><em>cui</em></span> <span class='ocrx_word' id='word_1_203' title='bbox 851 2272 989 2299; x_wconf 88' lang='lat' dir='ltr'><em>nomen</em></span> 
     </span>
    </p>
   </div>
   <div class='ocr_carea' id='block_1_16' title="bbox 262 2306 956 2355">
    <p class='ocr_par' dir='ltr' id='par_1_21' title="bbox 262 2306 956 2355">
     <span class='ocr_line' id='line_1_40' title="bbox 262 2306 956 2355; baseline 0.004 -12"><span class='ocrx_word' id='word_1_204' title='bbox 262 2306 426 2355; x_wconf 83' lang='lat' dir='ltr'><em>Simeon,</em></span> <span class='ocrx_word' id='word_1_205' title='bbox 448 2310 518 2345; x_wconf 82' lang='lat' dir='ltr'><em>etc.</em></span> <span class='ocrx_word' id='word_1_206' title='bbox 543 2310 630 2346; x_wconf 89' lang='lat' dir='ltr'><em>Luc.</em></span> <span class='ocrx_word' id='word_1_207' title='bbox 653 2323 687 2346; x_wconf 82' lang='lat'><em>2.</em></span> <span class='ocrx_word' id='word_1_208' title='bbox 710 2310 751 2346; x_wconf 93' lang='lat' dir='ltr'><em>P.</em></span> <span class='ocrx_word' id='word_1_209' title='bbox 780 2308 811 2355; x_wconf 93' lang='lat' dir='ltr'><em>I,</em></span> <span class='ocrx_word' id='word_1_210' title='bbox 838 2320 870 2346; x_wconf 89' lang='lat' dir='ltr'><strong>c.</strong></span> <span class='ocrx_word' id='word_1_211' title='bbox 901 2323 956 2347; x_wconf 88' lang='lat'><em>12.</em></span> 
     </span>
    </p>
   </div>
   <div class='ocr_carea' id='block_1_17' title="bbox 1139 269 1748 361">
    <p class='ocr_par' dir='ltr' id='par_1_22' title="bbox 1139 269 1748 361">
     <span class='ocr_line' id='line_1_41' title="bbox 1139 269 1748 308; baseline -0.002 -1"><span class='ocrx_word' id='word_1_212' title='bbox 1139 271 1155 286; x_wconf 72' lang='lat'><em>⁶</em></span> <span class='ocrx_word' id='word_1_213' title='bbox 1180 272 1218 307; x_wconf 82' lang='lat'><em>13</em></span> <span class='ocrx_word' id='word_1_214' title='bbox 1241 269 1453 308; x_wconf 89' lang='lat' dir='ltr'><em>Novembris</em></span> <span class='ocrx_word' id='word_1_215' title='bbox 1477 280 1486 306; x_wconf 79' lang='lat' dir='ltr'><strong><em>z</em></strong></span> <span class='ocrx_word' id='word_1_216' title='bbox 1505 269 1543 307; x_wconf 88' lang='lat' dir='ltr'><em>S.</em></span> <span class='ocrx_word' id='word_1_217' title='bbox 1566 270 1748 308; x_wconf 80' lang='lat' dir='ltr'><em>Slanislai</em></span> 
     </span>
     <span class='ocr_line' id='line_1_42' title="bbox 1245 317 1640 361; baseline 0 -8"><span class='ocrx_word' id='word_1_218' title='bbox 1245 317 1640 361; x_wconf 79' lang='lat' dir='ltr'><em>Kostkae.Confessoris.</em></span> 
     </span>
    </p>
   </div>
   <div class='ocr_carea' id='block_1_18' title="bbox 1058 375 1831 508">
    <p class='ocr_par' dir='ltr' id='par_1_23' title="bbox 1058 375 1831 508">
     <span class='ocr_line' id='line_1_43' title="bbox 1058 375 1831 423; baseline -0.003 -9"><span class='ocrx_word' id='word_1_219' title='bbox 1058 376 1180 414; x_wconf 87' lang='lat' dir='ltr'><em>Oblati</em></span> <span class='ocrx_word' id='word_1_220' title='bbox 1214 378 1301 412; x_wconf 89' lang='lat' dir='ltr'><em>sunt</em></span> <span class='ocrx_word' id='word_1_221' title='bbox 1329 377 1418 412; x_wconf 84' lang='lat' dir='ltr'><em>Jesu</em></span> <span class='ocrx_word' id='word_1_222' title='bbox 1442 375 1602 423; x_wconf 82' lang='lat' dir='ltr'><em>parvuli,</em></span> <span class='ocrx_word' id='word_1_223' title='bbox 1629 379 1671 413; x_wconf 86' lang='lat' dir='ltr'><em>ut</em></span> <span class='ocrx_word' id='word_1_224' title='bbox 1695 385 1831 413; x_wconf 87' lang='lat' dir='ltr'><em>manus</em></span> 
     </span>
     <span class='ocr_line' id='line_1_44' title="bbox 1105 421 1830 471; baseline 0.001 -12"><span class='ocrx_word' id='word_1_225' title='bbox 1105 423 1159 460; x_wconf 92' lang='lat' dir='ltr'><em>eis</em></span> <span class='ocrx_word' id='word_1_226' title='bbox 1176 421 1400 469; x_wconf 87' lang='lat' dir='ltr'><em>imponeret,</em></span> <span class='ocrx_word' id='word_1_227' title='bbox 1418 426 1490 462; x_wconf 86' lang='lat' dir='ltr'><em>ete.</em></span> <span class='ocrx_word' id='word_1_228' title='bbox 1503 424 1637 460; x_wconf 82' lang='lat' dir='ltr'><em>Matth.</em></span> <span class='ocrx_word' id='word_1_229' title='bbox 1658 437 1713 471; x_wconf 87' lang='lat'><em>19.</em></span> <span class='ocrx_word' id='word_1_230' title='bbox 1729 422 1830 467; x_wconf 90' lang='lat' dir='ltr'><strong>P.II‚</strong></span> 
     </span>
     <span class='ocr_line' id='line_1_45' title="bbox 1105 481 1219 508; baseline 0 -2"><span class='ocrx_word' id='word_1_231' title='bbox 1105 481 1138 508; x_wconf 80' lang='lat' dir='ltr'><strong>C.</strong></span> <span class='ocrx_word' id='word_1_232' title='bbox 1166 485 1219 507; x_wconf 93' lang='lat'><em>10.</em></span> 
     </span>
    </p>
   </div>
   <div class='ocr_carea' id='block_1_19' title="bbox 1057 533 1829 767">
    <p class='ocr_par' dir='ltr' id='par_1_24' title="bbox 1129 533 1771 673">
     <span class='ocr_line' id='line_1_46' title="bbox 1161 533 1771 578; baseline -0.002 -10"><span class='ocrx_word' id='word_1_233' title='bbox 1161 535 1204 568; x_wconf 83' lang='lat'><em>26</em></span> <span class='ocrx_word' id='word_1_234' title='bbox 1224 534 1427 570; x_wconf 82' lang='lat' dir='ltr'><em>Decembris</em></span> <span class='ocrx_word' id='word_1_235' title='bbox 1447 547 1455 570; x_wconf 92' lang='lat'><strong>:</strong></span> <span class='ocrx_word' id='word_1_236' title='bbox 1480 534 1519 571; x_wconf 91' lang='lat' dir='ltr'><em>S.</em></span> <span class='ocrx_word' id='word_1_237' title='bbox 1537 533 1730 578; x_wconf 83' lang='lat' dir='ltr'><em>Stephani,</em></span> <span class='ocrx_word' id='word_1_238' title='bbox 1768 535 1771 538; x_wconf 89' lang='lat'>&#39;</span> 
     </span>
     <span class='ocr_line' id='line_1_47' title="bbox 1129 580 1752 626; baseline -0.002 -10"><span class='ocrx_word' id='word_1_239' title='bbox 1129 583 1438 626; x_wconf 81' lang='lat' dir='ltr'><em>protomartyris;</em></span> <span class='ocrx_word' id='word_1_240' title='bbox 1460 584 1494 616; x_wconf 87' lang='lat' dir='ltr'><em>et</em></span> <span class='ocrx_word' id='word_1_241' title='bbox 1515 583 1536 616; x_wconf 84' lang='lat'>5</span> <span class='ocrx_word' id='word_1_242' title='bbox 1560 580 1722 624; x_wconf 71' lang='lat' dir='ltr'><em>Auyusti</em></span> <span class='ocrx_word' id='word_1_243' title='bbox 1743 590 1752 616; x_wconf 68' lang='grc' dir='ltr'>ς</span> 
     </span>
     <span class='ocr_line' id='line_1_48' title="bbox 1222 627 1649 673; baseline -0.005 -10"><span class='ocrx_word' id='word_1_244' title='bbox 1222 629 1444 664; x_wconf 87' lang='lat' dir='ltr'><em>Inventionis</em></span> <span class='ocrx_word' id='word_1_245' title='bbox 1461 627 1649 673; x_wconf 83' lang='lat' dir='ltr'><em>Ejusdem.</em></span> 
     </span>
    </p>

    <p class='ocr_par' dir='ltr' id='par_1_25' title="bbox 1057 674 1829 767">
     <span class='ocr_line' id='line_1_49' title="bbox 1057 674 1829 720; baseline 0 -10"><span class='ocrx_word' id='word_1_246' title='bbox 1057 674 1150 710; x_wconf 88' lang='lat' dir='ltr'><em>Ecce</em></span> <span class='ocrx_word' id='word_1_247' title='bbox 1185 674 1290 710; x_wconf 87' lang='lat' dir='ltr'><em>mitto</em></span> <span class='ocrx_word' id='word_1_248' title='bbox 1329 675 1373 711; x_wconf 85' lang='lat' dir='ltr'><em>ad</em></span> <span class='ocrx_word' id='word_1_249' title='bbox 1410 685 1477 711; x_wconf 85' lang='lat' dir='ltr'><em>vos</em></span> <span class='ocrx_word' id='word_1_250' title='bbox 1515 674 1735 720; x_wconf 82' lang='lat' dir='ltr'><em>Prophetas,</em></span> <span class='ocrx_word' id='word_1_251' title='bbox 1758 675 1829 710; x_wconf 84' lang='lat' dir='ltr'><em>etc.</em></span> 
     </span>
     <span class='ocr_line' id='line_1_50' title="bbox 1103 722 1572 767; baseline -0.002 -9"><span class='ocrx_word' id='word_1_252' title='bbox 1103 723 1237 758; x_wconf 83' lang='lat' dir='ltr'><em>Matth.</em></span> <span class='ocrx_word' id='word_1_253' title='bbox 1259 724 1315 758; x_wconf 81' lang='lat'><em>25.</em></span> <span class='ocrx_word' id='word_1_254' title='bbox 1333 724 1372 759; x_wconf 91' lang='lat' dir='ltr'><em>P.</em></span> <span class='ocrx_word' id='word_1_255' title='bbox 1393 722 1443 767; x_wconf 96' lang='grc' dir='ltr'><em>ΙΙ,</em></span> <span class='ocrx_word' id='word_1_256' title='bbox 1460 733 1491 758; x_wconf 87' lang='lat' dir='ltr'><strong>c.</strong></span> <span class='ocrx_word' id='word_1_257' title='bbox 1514 724 1572 757; x_wconf 83' lang='lat'><em>58.</em></span> 
     </span>
    </p>
   </div>
   <div class='ocr_carea' id='block_1_20' title="bbox 1056 779 1830 1192">
    <p class='ocr_par' dir='ltr' id='par_1_26' title="bbox 1057 779 1830 932">
     <span class='ocr_line' id='line_1_51' title="bbox 1165 779 1719 826; baseline -0.005 -10"><span class='ocrx_word' id='word_1_258' title='bbox 1165 793 1183 816; x_wconf 81' lang='lat'><strong>2</strong></span> <span class='ocrx_word' id='word_1_259' title='bbox 1205 780 1425 826; x_wconf 74' lang='lat' dir='ltr'><em>Septembris</em></span> <span class='ocrx_word' id='word_1_260' title='bbox 1441 796 1448 818; x_wconf 89' lang='lat'>:</span> <span class='ocrx_word' id='word_1_261' title='bbox 1466 782 1504 818; x_wconf 91' lang='lat' dir='ltr'><em>S.</em></span> <span class='ocrx_word' id='word_1_262' title='bbox 1527 779 1719 825; x_wconf 85' lang='lat' dir='ltr'><em>Stephani,</em></span> 
     </span>
     <span class='ocr_line' id='line_1_52' title="bbox 1150 827 1736 874; baseline -0.003 -11"><span class='ocrx_word' id='word_1_263' title='bbox 1150 829 1349 872; x_wconf 71' lang='lat' dir='ltr'><em>Hunqariae</em></span> <span class='ocrx_word' id='word_1_264' title='bbox 1367 831 1478 874; x_wconf 64' lang='lat' dir='ltr'><em>regis,</em></span> <span class='ocrx_word' id='word_1_265' title='bbox 1502 827 1736 871; x_wconf 77' lang='lat' dir='ltr'><em>confessoris.</em></span> 
     </span>
     <span class='ocr_line' id='line_1_53' title="bbox 1057 884 1830 932; baseline -0.004 -10"><span class='ocrx_word' id='word_1_266' title='bbox 1057 887 1174 922; x_wconf 91' lang='lat' dir='ltr'><em>Homo</em></span> <span class='ocrx_word' id='word_1_267' title='bbox 1197 887 1349 932; x_wconf 85' lang='lat' dir='ltr'><em>quidam</em></span> <span class='ocrx_word' id='word_1_268' title='bbox 1368 887 1504 924; x_wconf 87' lang='lat' dir='ltr'><em>nobilis</em></span> <span class='ocrx_word' id='word_1_269' title='bbox 1524 885 1631 930; x_wconf 86' lang='lat' dir='ltr'><em>abiit,</em></span> <span class='ocrx_word' id='word_1_270' title='bbox 1652 889 1722 920; x_wconf 82' lang='lat' dir='ltr'><em>etc.</em></span> <span class='ocrx_word' id='word_1_271' title='bbox 1742 884 1830 920; x_wconf 86' lang='lat' dir='ltr'><em>Luc.</em></span> 
     </span>
    </p>

    <p class='ocr_par' dir='ltr' id='par_1_27' title="bbox 1056 933 1830 1192">
     <span class='ocr_line' id='line_1_54' title="bbox 1109 933 1439 982; baseline 0.006 -13"><span class='ocrx_word' id='word_1_272' title='bbox 1109 948 1164 981; x_wconf 87' lang='lat'><em>19·</em></span> <span class='ocrx_word' id='word_1_273' title='bbox 1190 934 1230 969; x_wconf 92' lang='lat' dir='ltr'><em>P.</em></span> <span class='ocrx_word' id='word_1_274' title='bbox 1253 933 1303 979; x_wconf 82' lang='grc' dir='ltr'><em>ΙΙ,</em></span> <span class='ocrx_word' id='word_1_275' title='bbox 1326 945 1359 971; x_wconf 85' lang='lat' dir='ltr'><strong>c.</strong></span> <span class='ocrx_word' id='word_1_276' title='bbox 1381 938 1439 982; x_wconf 79' lang='grc'><em>49.</em></span> 
     </span>
     <span class='ocr_line' id='line_1_55' title="bbox 1125 992 1767 1038; baseline -0.005 -9"><span class='ocrx_word' id='word_1_277' title='bbox 1125 995 1166 1029; x_wconf 85' lang='grc' dir='ltr'><em>ι8</em></span> <span class='ocrx_word' id='word_1_278' title='bbox 1191 994 1284 1029; x_wconf 88' lang='lat' dir='ltr'><em>Julii</em></span> <span class='ocrx_word' id='word_1_279' title='bbox 1305 1005 1312 1031; x_wconf 91' lang='lat'>:</span> <span class='ocrx_word' id='word_1_280' title='bbox 1336 994 1375 1030; x_wconf 91' lang='lat' dir='ltr'><em>S.</em></span> <span class='ocrx_word' id='word_1_281' title='bbox 1398 992 1664 1038; x_wconf 81' lang='lat' dir='ltr'><em>Symphorosae,</em></span> <span class='ocrx_word' id='word_1_282' title='bbox 1687 1000 1767 1026; x_wconf 89' lang='lat' dir='ltr'><em>cum</em></span> 
     </span>
     <span class='ocr_line' id='line_1_56' title="bbox 1196 1039 1707 1087; baseline -0.004 -11"><span class='ocrx_word' id='word_1_283' title='bbox 1196 1044 1330 1087; x_wconf 81' lang='lat' dir='ltr'><em>septem</em></span> <span class='ocrx_word' id='word_1_284' title='bbox 1349 1041 1451 1086; x_wconf 71' lang='lat' dir='ltr'><em>filiis,</em></span> <span class='ocrx_word' id='word_1_285' title='bbox 1467 1039 1707 1084; x_wconf 76' lang='lat' dir='ltr'><em>Martyribus.</em></span> 
     </span>
     <span class='ocr_line' id='line_1_57' title="bbox 1056 1097 1830 1142; baseline -0.005 -6"><span class='ocrx_word' id='word_1_286' title='bbox 1056 1098 1246 1136; x_wconf 84' lang='lat' dir='ltr'><em>Attendite</em></span> <span class='ocrx_word' id='word_1_287' title='bbox 1272 1110 1294 1136; x_wconf 90' lang='lat' dir='ltr'><em>a</em></span> <span class='ocrx_word' id='word_1_288' title='bbox 1323 1099 1508 1135; x_wconf 87' lang='lat' dir='ltr'><em>fermento</em></span> <span class='ocrx_word' id='word_1_289' title='bbox 1538 1097 1830 1142; x_wconf 76' lang='lat' dir='ltr'><em>Pharisaeorum,</em></span> 
     </span>
     <span class='ocr_line' id='line_1_58' title="bbox 1105 1145 1738 1192; baseline 0 -10"><span class='ocrx_word' id='word_1_290' title='bbox 1105 1149 1175 1183; x_wconf 86' lang='lat' dir='ltr'><em>etc.</em></span> <span class='ocrx_word' id='word_1_291' title='bbox 1194 1148 1280 1183; x_wconf 89' lang='lat' dir='ltr'><em>Luc.</em></span> <span class='ocrx_word' id='word_1_292' title='bbox 1306 1160 1360 1183; x_wconf 87' lang='lat'><em>12.</em></span> <span class='ocrx_word' id='word_1_293' title='bbox 1381 1147 1422 1182; x_wconf 91' lang='lat' dir='ltr'><em>P.</em></span> <span class='ocrx_word' id='word_1_294' title='bbox 1444 1145 1476 1190; x_wconf 88' lang='grc' dir='ltr'><em>Ι,</em></span> <span class='ocrx_word' id='word_1_295' title='bbox 1495 1156 1526 1183; x_wconf 88' lang='lat' dir='ltr'><strong>c.</strong></span> <span class='ocrx_word' id='word_1_296' title='bbox 1552 1148 1597 1189; x_wconf 85' lang='grc'><em>54</em></span> <span class='ocrx_word' id='word_1_297' title='bbox 1621 1147 1655 1181; x_wconf 86' lang='lat' dir='ltr'><em>et</em></span> <span class='ocrx_word' id='word_1_298' title='bbox 1678 1157 1738 1192; x_wconf 86' lang='lat'><em>92.</em></span> 
     </span>
    </p>
   </div>
   <div class='ocr_carea' id='block_1_21' title="bbox 1076 1204 1818 1250">
    <p class='ocr_par' dir='ltr' id='par_1_28' title="bbox 1076 1204 1818 1250">
     <span class='ocr_line' id='line_1_59' title="bbox 1076 1204 1818 1250; baseline -0.004 -8"><span class='ocrx_word' id='word_1_299' title='bbox 1076 1220 1115 1242; x_wconf 88' lang='lat'><em>21</em></span> <span class='ocrx_word' id='word_1_300' title='bbox 1140 1206 1342 1242; x_wconf 80' lang='lat' dir='ltr'><em>Decembris</em></span> <span class='ocrx_word' id='word_1_301' title='bbox 1364 1220 1372 1242; x_wconf 74' lang='grc' dir='ltr'><strong>ε</strong></span> <span class='ocrx_word' id='word_1_302' title='bbox 1393 1206 1432 1243; x_wconf 88' lang='lat' dir='ltr'><strong>S.</strong></span> <span class='ocrx_word' id='word_1_303' title='bbox 1455 1206 1607 1250; x_wconf 66' lang='lat' dir='ltr'><em>Thomas,</em></span> <span class='ocrx_word' id='word_1_304' title='bbox 1634 1204 1818 1250; x_wconf 83' lang='lat' dir='ltr'><em>Apostoli.</em></span> 
     </span>
    </p>
   </div>
   <div class='ocr_carea' id='block_1_22' title="bbox 1057 1262 1834 1619">
    <p class='ocr_par' dir='ltr' id='par_1_29' title="bbox 1057 1262 1834 1408">
     <span class='ocr_line' id='line_1_60' title="bbox 1057 1262 1834 1311; baseline -0.005 -8"><span class='ocrx_word' id='word_1_305' title='bbox 1057 1267 1230 1310; x_wconf 78' lang='lat' dir='ltr'><em>ThomaS,</em></span> <span class='ocrx_word' id='word_1_306' title='bbox 1248 1276 1342 1303; x_wconf 90' lang='lat' dir='ltr'><em>unus</em></span> <span class='ocrx_word' id='word_1_307' title='bbox 1363 1276 1406 1302; x_wconf 80' lang='lat' dir='ltr'><em>ex</em></span> <span class='ocrx_word' id='word_1_308' title='bbox 1425 1265 1641 1307; x_wconf 84' lang='lat' dir='ltr'><em>Duodecim,</em></span> <span class='ocrx_word' id='word_1_309' title='bbox 1662 1263 1724 1311; x_wconf 93' lang='lat' dir='ltr'><em>qui</em></span> <span class='ocrx_word' id='word_1_310' title='bbox 1742 1262 1834 1300; x_wconf 86' lang='lat' dir='ltr'><em>dici-</em></span> 
     </span>
     <span class='ocr_line' id='line_1_61' title="bbox 1103 1310 1832 1360; baseline -0.005 -10"><span class='ocrx_word' id='word_1_311' title='bbox 1103 1318 1166 1350; x_wconf 80' lang='lat' dir='ltr'><em>tur</em></span> <span class='ocrx_word' id='word_1_312' title='bbox 1183 1315 1373 1360; x_wconf 81' lang='lat' dir='ltr'><em>Didymus,</em></span> <span class='ocrx_word' id='word_1_313' title='bbox 1389 1316 1459 1349; x_wconf 87' lang='lat' dir='ltr'><em>etc.</em></span> <span class='ocrx_word' id='word_1_314' title='bbox 1477 1315 1582 1349; x_wconf 86' lang='lat' dir='ltr'><em>Joan.</em></span> <span class='ocrx_word' id='word_1_315' title='bbox 1606 1325 1663 1350; x_wconf 84' lang='lat'><em>20.</em></span> <span class='ocrx_word' id='word_1_316' title='bbox 1683 1313 1724 1349; x_wconf 90' lang='lat' dir='ltr'><em>P.</em></span> <span class='ocrx_word' id='word_1_317' title='bbox 1738 1310 1832 1356; x_wconf 90' lang='lat' dir='ltr'><strong>II,c.</strong></span> 
     </span>
     <span class='ocr_line' id='line_1_62' title="bbox 1105 1364 1284 1408; baseline 0 -11"><span class='ocrx_word' id='word_1_318' title='bbox 1105 1377 1148 1408; x_wconf 89' lang='lat'><em>77</em></span> <span class='ocrx_word' id='word_1_319' title='bbox 1173 1365 1206 1397; x_wconf 73' lang='lat' dir='ltr'><em>et</em></span> <span class='ocrx_word' id='word_1_320' title='bbox 1227 1364 1284 1408; x_wconf 88' lang='lat'><strong>78.</strong></span> 
     </span>
    </p>

    <p class='ocr_par' dir='ltr' id='par_1_30' title="bbox 1176 1419 1716 1515">
     <span class='ocr_line' id='line_1_63' title="bbox 1176 1419 1716 1469; baseline -0.009 -11"><span class='ocrx_word' id='word_1_321' title='bbox 1176 1435 1218 1469; x_wconf 87' lang='lat'><em>29</em></span> <span class='ocrx_word' id='word_1_322' title='bbox 1240 1421 1442 1457; x_wconf 77' lang='lat' dir='ltr'><em>Decembris</em></span> <span class='ocrx_word' id='word_1_323' title='bbox 1467 1432 1475 1457; x_wconf 90' lang='lat'>:</span> <span class='ocrx_word' id='word_1_324' title='bbox 1497 1421 1537 1457; x_wconf 92' lang='lat' dir='ltr'><em>S.</em></span> <span class='ocrx_word' id='word_1_325' title='bbox 1561 1419 1716 1463; x_wconf 84' lang='lat' dir='ltr'><em>Thomae,</em></span> 
     </span>
     <span class='ocr_line' id='line_1_64' title="bbox 1231 1467 1666 1515; baseline -0.009 -10"><span class='ocrx_word' id='word_1_326' title='bbox 1231 1470 1404 1515; x_wconf 83' lang='lat' dir='ltr'><em>Episcopi</em></span> <span class='ocrx_word' id='word_1_327' title='bbox 1423 1471 1456 1504; x_wconf 88' lang='lat' dir='ltr'><em>et</em></span> <span class='ocrx_word' id='word_1_328' title='bbox 1475 1467 1666 1512; x_wconf 77' lang='lat' dir='ltr'><em>Martyris.</em></span> 
     </span>
    </p>

    <p class='ocr_par' dir='ltr' id='par_1_31' title="bbox 1059 1524 1832 1574">
     <span class='ocr_line' id='line_1_65' title="bbox 1059 1524 1832 1574; baseline -0.006 -11"><span class='ocrx_word' id='word_1_329' title='bbox 1059 1529 1135 1574; x_wconf 81' lang='lat' dir='ltr'><em>Ego</em></span> <span class='ocrx_word' id='word_1_330' title='bbox 1171 1538 1254 1563; x_wconf 88' lang='lat' dir='ltr'><em>sum</em></span> <span class='ocrx_word' id='word_1_331' title='bbox 1290 1529 1423 1563; x_wconf 85' lang='lat' dir='ltr'><em>Pastor</em></span> <span class='ocrx_word' id='word_1_332' title='bbox 1455 1528 1588 1572; x_wconf 66' lang='lat' dir='ltr'><em>boum,</em></span> <span class='ocrx_word' id='word_1_333' title='bbox 1622 1527 1694 1561; x_wconf 87' lang='lat' dir='ltr'><em>etc.</em></span> <span class='ocrx_word' id='word_1_334' title='bbox 1727 1524 1832 1560; x_wconf 84' lang='lat' dir='ltr'><em>Joan.</em></span> 
     </span>
    </p>

    <p class='ocr_par' dir='ltr' id='par_1_32' title="bbox 1111 1572 1417 1619">
     <span class='ocr_line' id='line_1_66' title="bbox 1111 1572 1417 1619; baseline 0 -9"><span class='ocrx_word' id='word_1_335' title='bbox 1111 1589 1164 1611; x_wconf 88' lang='lat'><em>10.</em></span> <span class='ocrx_word' id='word_1_336' title='bbox 1187 1576 1226 1610; x_wconf 89' lang='grc' dir='ltr'><em>Ρ,</em></span> <span class='ocrx_word' id='word_1_337' title='bbox 1247 1572 1278 1619; x_wconf 89' lang='grc' dir='ltr'><em>Ι,</em></span> <span class='ocrx_word' id='word_1_338' title='bbox 1301 1585 1333 1610; x_wconf 81' lang='lat' dir='ltr'><strong>c.</strong></span> <span class='ocrx_word' id='word_1_339' title='bbox 1358 1577 1417 1611; x_wconf 88' lang='lat'><em>86.</em></span> 
     </span>
    </p>
   </div>
   <div class='ocr_carea' id='block_1_23' title="bbox 1059 1632 1835 1880">
    <p class='ocr_par' dir='ltr' id='par_1_33' title="bbox 1129 1632 1765 1773">
     <span class='ocr_line' id='line_1_67' title="bbox 1157 1632 1738 1679; baseline -0.005 -11"><span class='ocrx_word' id='word_1_340' title='bbox 1157 1635 1282 1669; x_wconf 79' lang='lat' dir='ltr'><em>Prima</em></span> <span class='ocrx_word' id='word_1_341' title='bbox 1303 1634 1362 1669; x_wconf 84' lang='lat' dir='ltr'><em>elie</em></span> <span class='ocrx_word' id='word_1_342' title='bbox 1382 1634 1497 1669; x_wconf 86' lang='lat' dir='ltr'><em>libera</em></span> <span class='ocrx_word' id='word_1_343' title='bbox 1512 1635 1598 1679; x_wconf 90' lang='lat' dir='ltr'><em>post</em></span> <span class='ocrx_word' id='word_1_344' title='bbox 1615 1632 1738 1670; x_wconf 84' lang='lat' dir='ltr'><em>Nonas</em></span> 
     </span>
     <span class='ocr_line' id='line_1_68' title="bbox 1129 1679 1765 1726; baseline -0.006 -9"><span class='ocrx_word' id='word_1_345' title='bbox 1129 1682 1301 1717; x_wconf 84' lang='lat' dir='ltr'><em>Januarii</em></span> <span class='ocrx_word' id='word_1_346' title='bbox 1323 1693 1330 1718; x_wconf 92' lang='lat'><strong>:</strong></span> <span class='ocrx_word' id='word_1_347' title='bbox 1355 1682 1395 1718; x_wconf 90' lang='lat' dir='ltr'><em>S.</em></span> <span class='ocrx_word' id='word_1_348' title='bbox 1420 1682 1509 1724; x_wconf 81' lang='lat' dir='ltr'><em>Titi,</em></span> <span class='ocrx_word' id='word_1_349' title='bbox 1531 1679 1706 1726; x_wconf 84' lang='lat' dir='ltr'><em>Episcopi</em></span> <span class='ocrx_word' id='word_1_350' title='bbox 1731 1680 1765 1714; x_wconf 85' lang='lat' dir='ltr'><em>et</em></span> 
     </span>
     <span class='ocr_line' id='line_1_69' title="bbox 1327 1729 1562 1773; baseline -0.013 -8"><span class='ocrx_word' id='word_1_351' title='bbox 1327 1729 1562 1773; x_wconf 82' lang='lat' dir='ltr'><em>Confessoris.</em></span> 
     </span>
    </p>

    <p class='ocr_par' dir='ltr' id='par_1_34' title="bbox 1059 1782 1835 1880">
     <span class='ocr_line' id='line_1_70' title="bbox 1059 1782 1835 1833; baseline -0.006 -9"><span class='ocrx_word' id='word_1_352' title='bbox 1059 1785 1276 1833; x_wconf 81' lang='lat' dir='ltr'><em>Designavit</em></span> <span class='ocrx_word' id='word_1_353' title='bbox 1291 1788 1400 1823; x_wconf 87' lang='lat' dir='ltr'><em>Jesus</em></span> <span class='ocrx_word' id='word_1_354' title='bbox 1418 1791 1454 1823; x_wconf 90' lang='lat' dir='ltr'><em>et</em></span> <span class='ocrx_word' id='word_1_355' title='bbox 1474 1786 1569 1822; x_wconf 86' lang='lat' dir='ltr'><em>alios</em></span> <span class='ocrx_word' id='word_1_356' title='bbox 1595 1782 1835 1832; x_wconf 83' lang='lat' dir='ltr'><em>septuaginta</em></span> 
     </span>
     <span class='ocr_line' id='line_1_71' title="bbox 1106 1832 1757 1880; baseline -0.005 -9"><span class='ocrx_word' id='word_1_357' title='bbox 1106 1835 1214 1880; x_wconf 92' lang='lat' dir='ltr'><em>duos,</em></span> <span class='ocrx_word' id='word_1_358' title='bbox 1236 1837 1307 1870; x_wconf 85' lang='lat' dir='ltr'><em>ete.</em></span> <span class='ocrx_word' id='word_1_359' title='bbox 1328 1836 1415 1870; x_wconf 90' lang='lat' dir='ltr'><em>Luc.</em></span> <span class='ocrx_word' id='word_1_360' title='bbox 1441 1849 1495 1871; x_wconf 83' lang='lat'><em>10.</em></span> <span class='ocrx_word' id='word_1_361' title='bbox 1525 1835 1566 1871; x_wconf 92' lang='lat' dir='ltr'><em>P.</em></span> <span class='ocrx_word' id='word_1_362' title='bbox 1590 1832 1621 1878; x_wconf 90' lang='grc' dir='ltr'><em>Ι,</em></span> <span class='ocrx_word' id='word_1_363' title='bbox 1643 1844 1675 1869; x_wconf 86' lang='lat' dir='ltr'><strong>c.</strong></span> <span class='ocrx_word' id='word_1_364' title='bbox 1698 1835 1757 1869; x_wconf 84' lang='lat'><strong>58.</strong></span> 
     </span>
    </p>
   </div>
   <div class='ocr_carea' id='block_1_24' title="bbox 1061 1892 1834 2046">
    <p class='ocr_par' dir='ltr' id='par_1_35' title="bbox 1061 1892 1834 2046">
     <span class='ocr_line' id='line_1_72' title="bbox 1134 1892 1764 1942; baseline -0.005 -12"><span class='ocrx_word' id='word_1_365' title='bbox 1134 1908 1174 1942; x_wconf 86' lang='lat'><em>¹9</em></span> <span class='ocrx_word' id='word_1_366' title='bbox 1191 1894 1284 1930; x_wconf 88' lang='lat' dir='ltr'><em>Julii</em></span> <span class='ocrx_word' id='word_1_367' title='bbox 1303 1904 1311 1931; x_wconf 93' lang='lat'>:</span> <span class='ocrx_word' id='word_1_368' title='bbox 1331 1894 1371 1930; x_wconf 94' lang='lat' dir='ltr'><em>S.</em></span> <span class='ocrx_word' id='word_1_369' title='bbox 1396 1893 1580 1930; x_wconf 87' lang='lat' dir='ltr'><em>Vincentii</em></span> <span class='ocrx_word' id='word_1_370' title='bbox 1595 1903 1618 1928; x_wconf 87' lang='lat' dir='ltr'><em>a</em></span> <span class='ocrx_word' id='word_1_371' title='bbox 1634 1892 1764 1936; x_wconf 88' lang='lat' dir='ltr'><em>Paulo,</em></span> 
     </span>
     <span class='ocr_line' id='line_1_73' title="bbox 1328 1941 1564 1985; baseline -0.008 -7"><span class='ocrx_word' id='word_1_372' title='bbox 1328 1941 1564 1985; x_wconf 86' lang='lat' dir='ltr'><em>Confessoris.</em></span> 
     </span>
     <span class='ocr_line' id='line_1_74' title="bbox 1061 1997 1834 2046; baseline -0.005 -9"><span class='ocrx_word' id='word_1_373' title='bbox 1061 1999 1277 2046; x_wconf 83' lang='lat' dir='ltr'><em>Designavit</em></span> <span class='ocrx_word' id='word_1_374' title='bbox 1292 2001 1493 2044; x_wconf 86' lang='lat' dir='ltr'><em>Jesus,etc.</em></span> <span class='ocrx_word' id='word_1_375' title='bbox 1513 1999 1566 2045; x_wconf 89' lang='lat' dir='ltr'><em>(ut</em></span> <span class='ocrx_word' id='word_1_376' title='bbox 1581 1998 1724 2045; x_wconf 85' lang='lat' dir='ltr'><em>supra);</em></span> <span class='ocrx_word' id='word_1_377' title='bbox 1741 1997 1834 2035; x_wconf 89' lang='lat' dir='ltr'><em>Vel:</em></span> 
     </span>
    </p>
   </div>
   <div class='ocr_carea' id='block_1_25' title="bbox 1061 2045 1835 2142">
    <p class='ocr_par' dir='ltr' id='par_1_36' title="bbox 1061 2045 1835 2142">
     <span class='ocr_line' id='line_1_75' title="bbox 1061 2045 1835 2092; baseline -0.003 -7"><span class='ocrx_word' id='word_1_378' title='bbox 1061 2049 1076 2063; x_wconf 84' lang='lat'>*</span> <span class='ocrx_word' id='word_1_379' title='bbox 1096 2047 1283 2085; x_wconf 75' lang='lat' dir='ltr'><em>Circuibat</em></span> <span class='ocrx_word' id='word_1_380' title='bbox 1296 2049 1315 2084; x_wconf 90' lang='lat' dir='ltr'>J</span> <span class='ocrx_word' id='word_1_381' title='bbox 1319 2058 1402 2084; x_wconf 88' lang='lat' dir='ltr'><em>esus</em></span> <span class='ocrx_word' id='word_1_382' title='bbox 1419 2056 1551 2083; x_wconf 89' lang='lat' dir='ltr'><em>omnes</em></span> <span class='ocrx_word' id='word_1_383' title='bbox 1565 2045 1746 2092; x_wconf 87' lang='lat' dir='ltr'><em>civitates,</em></span> <span class='ocrx_word' id='word_1_384' title='bbox 1763 2047 1835 2083; x_wconf 85' lang='lat' dir='ltr'><em>etc.</em></span> 
     </span>
     <span class='ocr_line' id='line_1_76' title="bbox 1109 2094 1552 2142; baseline -0.002 -11"><span class='ocrx_word' id='word_1_385' title='bbox 1109 2096 1242 2131; x_wconf 76' lang='lat' dir='ltr'><em>Matth.</em></span> <span class='ocrx_word' id='word_1_386' title='bbox 1264 2110 1298 2142; x_wconf 90' lang='lat'><strong>7.</strong></span> <span class='ocrx_word' id='word_1_387' title='bbox 1322 2097 1363 2131; x_wconf 87' lang='lat' dir='ltr'><strong>P.</strong></span> <span class='ocrx_word' id='word_1_388' title='bbox 1385 2094 1416 2140; x_wconf 88' lang='grc' dir='ltr'><em>Ι,</em></span> <span class='ocrx_word' id='word_1_389' title='bbox 1440 2105 1472 2130; x_wconf 85' lang='lat' dir='ltr'><strong>c.</strong></span> <span class='ocrx_word' id='word_1_390' title='bbox 1494 2097 1552 2131; x_wconf 86' lang='lat'><em>50.</em></span> 
     </span>
    </p>
   </div>
   <div class='ocr_carea' id='block_1_26' title="bbox 1061 2154 1835 2249">
    <p class='ocr_par' dir='ltr' id='par_1_37' title="bbox 1061 2154 1835 2249">
     <span class='ocr_line' id='line_1_77' title="bbox 1061 2154 1835 2198; baseline -0.003 -5"><span class='ocrx_word' id='word_1_391' title='bbox 1061 2157 1076 2171; x_wconf 76' lang='lat'><em>&#39;¹</em></span> <span class='ocrx_word' id='word_1_392' title='bbox 1098 2159 1116 2192; x_wconf 90' lang='lat'>5</span> <span class='ocrx_word' id='word_1_393' title='bbox 1136 2156 1349 2193; x_wconf 79' lang='lat' dir='ltr'><em>Novembris</em></span> <span class='ocrx_word' id='word_1_394' title='bbox 1371 2167 1378 2192; x_wconf 94' lang='lat'>:</span> <span class='ocrx_word' id='word_1_395' title='bbox 1407 2156 1445 2192; x_wconf 91' lang='lat' dir='ltr'><em>S.</em></span> <span class='ocrx_word' id='word_1_396' title='bbox 1468 2155 1666 2196; x_wconf 77' lang='lat' dir='ltr'><em>Zachariae,</em></span> <span class='ocrx_word' id='word_1_397' title='bbox 1686 2154 1835 2198; x_wconf 79' lang='lat' dir='ltr'><em>Confes-</em></span> 
     </span>
     <span class='ocr_line' id='line_1_78' title="bbox 1107 2203 1788 2249; baseline -0.001 -9"><span class='ocrx_word' id='word_1_398' title='bbox 1107 2206 1214 2248; x_wconf 83' lang='lat' dir='ltr'><em>sorz&#39;s‚</em></span> <span class='ocrx_word' id='word_1_399' title='bbox 1233 2205 1352 2249; x_wconf 78' lang='lat' dir='ltr'><em>patris</em></span> <span class='ocrx_word' id='word_1_400' title='bbox 1371 2204 1410 2240; x_wconf 88' lang='lat' dir='ltr'><em>S.</em></span> <span class='ocrx_word' id='word_1_401' title='bbox 1429 2203 1580 2238; x_wconf 85' lang='lat' dir='ltr'><em>Joannis</em></span> <span class='ocrx_word' id='word_1_402' title='bbox 1596 2203 1788 2248; x_wconf 81' lang='lat' dir='ltr'><em>Baptistae.</em></span> 
     </span>
    </p>
   </div>
   <div class='ocr_carea' id='block_1_27' title="bbox 1065 2260 1836 2356">
    <p class='ocr_par' dir='ltr' id='par_1_38' title="bbox 1065 2260 1836 2356">
     <span class='ocr_line' id='line_1_79' title="bbox 1065 2260 1836 2308; baseline -0.003 -9"><span class='ocrx_word' id='word_1_403' title='bbox 1065 2262 1147 2299; x_wconf 91' lang='lat' dir='ltr'><em>Fuit</em></span> <span class='ocrx_word' id='word_1_404' title='bbox 1172 2261 1211 2298; x_wconf 90' lang='lat' dir='ltr'><em>in</em></span> <span class='ocrx_word' id='word_1_405' title='bbox 1234 2261 1365 2298; x_wconf 88' lang='lat' dir='ltr'><em>diebus</em></span> <span class='ocrx_word' id='word_1_406' title='bbox 1395 2260 1553 2298; x_wconf 87' lang='lat' dir='ltr'><em>Herodis</em></span> <span class='ocrx_word' id='word_1_407' title='bbox 1578 2260 1679 2308; x_wconf 84' lang='lat' dir='ltr'><em>regis</em></span> <span class='ocrx_word' id='word_1_408' title='bbox 1705 2261 1836 2298; x_wconf 85' lang='lat' dir='ltr'><em>Sacer-</em></span> 
     </span>
     <span class='ocr_line' id='line_1_80' title="bbox 1112 2308 1674 2356; baseline -0.002 -10"><span class='ocrx_word' id='word_1_409' title='bbox 1112 2310 1195 2356; x_wconf 86' lang='lat' dir='ltr'><em>dos,</em></span> <span class='ocrx_word' id='word_1_410' title='bbox 1215 2314 1284 2346; x_wconf 84' lang='lat' dir='ltr'><em>etc.</em></span> <span class='ocrx_word' id='word_1_411' title='bbox 1305 2311 1392 2347; x_wconf 87' lang='lat' dir='ltr'><em>Luc.</em></span> <span class='ocrx_word' id='word_1_412' title='bbox 1415 2323 1445 2346; x_wconf 90' lang='lat'><em>1.</em></span> <span class='ocrx_word' id='word_1_413' title='bbox 1468 2310 1507 2345; x_wconf 89' lang='lat' dir='ltr'><em>P.</em></span> <span class='ocrx_word' id='word_1_414' title='bbox 1529 2308 1563 2354; x_wconf 94' lang='grc' dir='ltr'><em>Ι,</em></span> <span class='ocrx_word' id='word_1_415' title='bbox 1582 2319 1614 2345; x_wconf 87' lang='lat' dir='ltr'><strong>c.</strong></span> <span class='ocrx_word' id='word_1_416' title='bbox 1637 2311 1674 2353; x_wconf 92' lang='grc'><em>4.</em></span> 
     </span>
    </p>
   </div>
   <div class='ocr_carea' id='block_1_28' title="bbox 374 2419 1676 2467">
    <p class='ocr_par' dir='ltr' id='par_1_39' title="bbox 374 2419 1676 2467">
     <span class='ocr_line' id='line_1_81' title="bbox 374 2419 1676 2467; baseline -0.001 -10"><span class='ocrx_word' id='word_1_417' title='bbox 374 2420 681 2467; x_wconf 80' lang='lat' dir='ltr'><em>Evangelica</em></span> <span class='ocrx_word' id='word_1_418' title='bbox 716 2420 982 2460; x_wconf 83' lang='lat' dir='ltr'><em>missarum</em></span> <span class='ocrx_word' id='word_1_419' title='bbox 1011 2421 1070 2460; x_wconf 87' lang='lat' dir='ltr'><em>de</em></span> <span class='ocrx_word' id='word_1_420' title='bbox 1100 2419 1341 2460; x_wconf 82' lang='lat' dir='ltr'><em>commnni</em></span> <span class='ocrx_word' id='word_1_421' title='bbox 1372 2419 1676 2458; x_wconf 81' lang='lat' dir='ltr'><em>Sanctorum.</em></span> 
     </span>
    </p>
   </div>
   <div class='ocr_carea' id='block_1_29' title="bbox 379 2519 817 2566">
    <p class='ocr_par' dir='ltr' id='par_1_40' title="bbox 379 2519 817 2566">
     <span class='ocr_line' id='line_1_82' title="bbox 379 2519 817 2566; baseline 0.002 -11"><span class='ocrx_word' id='word_1_422' title='bbox 379 2519 528 2562; x_wconf 69' lang='lat' dir='ltr'><em>Viqiliae</em></span> <span class='ocrx_word' id='word_1_423' title='bbox 544 2519 817 2566; x_wconf 85' lang='lat' dir='ltr'><em>Apostolorum.</em></span> 
     </span>
    </p>
   </div>
   <div class='ocr_carea' id='block_1_30' title="bbox 215 2577 988 2674">
    <p class='ocr_par' dir='ltr' id='par_1_41' title="bbox 215 2577 988 2674">
     <span class='ocr_line' id='line_1_83' title="bbox 215 2577 988 2627; baseline 0.006 -16"><span class='ocrx_word' id='word_1_424' title='bbox 215 2577 292 2612; x_wconf 87' lang='lat' dir='ltr'><em>Hoc</em></span> <span class='ocrx_word' id='word_1_425' title='bbox 312 2578 367 2612; x_wconf 89' lang='lat' dir='ltr'><em>est</em></span> <span class='ocrx_word' id='word_1_426' title='bbox 389 2579 619 2623; x_wconf 81' lang='lat' dir='ltr'><em>praeceptum</em></span> <span class='ocrx_word' id='word_1_427' title='bbox 637 2589 773 2625; x_wconf 88' lang='lat' dir='ltr'><em>meum,</em></span> <span class='ocrx_word' id='word_1_428' title='bbox 794 2580 834 2614; x_wconf 86' lang='lat' dir='ltr'><em>ut</em></span> <span class='ocrx_word' id='word_1_429' title='bbox 854 2577 988 2627; x_wconf 86' lang='lat' dir='ltr'><em>diliga-</em></span> 
     </span>
     <span class='ocr_line' id='line_1_84' title="bbox 259 2624 893 2674; baseline 0.006 -15"><span class='ocrx_word' id='word_1_430' title='bbox 259 2624 321 2669; x_wconf 86' lang='lat' dir='ltr'><em>tis,</em></span> <span class='ocrx_word' id='word_1_431' title='bbox 342 2627 413 2660; x_wconf 83' lang='lat' dir='ltr'><em>ete.</em></span> <span class='ocrx_word' id='word_1_432' title='bbox 435 2626 540 2661; x_wconf 86' lang='lat' dir='ltr'><em>Joan.</em></span> <span class='ocrx_word' id='word_1_433' title='bbox 568 2628 623 2662; x_wconf 80' lang='lat'><strong>15.</strong></span> <span class='ocrx_word' id='word_1_434' title='bbox 643 2627 683 2663; x_wconf 84' lang='lat' dir='ltr'><em>P.</em></span> <span class='ocrx_word' id='word_1_435' title='bbox 705 2625 755 2670; x_wconf 91' lang='grc' dir='ltr'><em>ΙΙ,</em></span> <span class='ocrx_word' id='word_1_436' title='bbox 777 2637 809 2662; x_wconf 85' lang='lat' dir='ltr'><strong>c.</strong></span> <span class='ocrx_word' id='word_1_437' title='bbox 833 2629 893 2674; x_wconf 81' lang='lat'><strong>57.</strong></span> 
     </span>
    </p>
   </div>
   <div class='ocr_carea' id='block_1_31' title="bbox 212 2684 987 2872">
    <p class='ocr_par' dir='ltr' id='par_1_42' title="bbox 212 2684 987 2872">
     <span class='ocr_line' id='line_1_85' title="bbox 328 2684 875 2731; baseline 0.002 -11"><span class='ocrx_word' id='word_1_438' title='bbox 328 2684 442 2720; x_wconf 88' lang='lat' dir='ltr'><em>Unius</em></span> <span class='ocrx_word' id='word_1_439' title='bbox 462 2685 640 2728; x_wconf 78' lang='lat' dir='ltr'><em>Martyris</em></span> <span class='ocrx_word' id='word_1_440' title='bbox 658 2687 844 2731; x_wconf 83' lang='lat' dir='ltr'><em>Pontificis</em></span> <span class='ocrx_word' id='word_1_441' title='bbox 867 2696 875 2722; x_wconf 90' lang='lat'>:</span> 
     </span>
     <span class='ocr_line' id='line_1_86' title="bbox 483 2732 717 2768; baseline 0.013 -3"><span class='ocrx_word' id='word_1_442' title='bbox 483 2732 605 2766; x_wconf 85' lang='lat' dir='ltr'><em>Primo</em></span> <span class='ocrx_word' id='word_1_443' title='bbox 632 2733 717 2768; x_wconf 92' lang='lat' dir='ltr'><em>loco.</em></span> 
     </span>
     <span class='ocr_line' id='line_1_87' title="bbox 212 2776 987 2826; baseline 0.003 -12"><span class='ocrx_word' id='word_1_444' title='bbox 212 2776 250 2814; x_wconf 90' lang='lat' dir='ltr'><em>Si</em></span> <span class='ocrx_word' id='word_1_445' title='bbox 272 2776 355 2824; x_wconf 90' lang='lat' dir='ltr'><em>quis</em></span> <span class='ocrx_word' id='word_1_446' title='bbox 375 2776 479 2813; x_wconf 90' lang='lat' dir='ltr'><em>venit</em></span> <span class='ocrx_word' id='word_1_447' title='bbox 499 2777 547 2814; x_wconf 90' lang='lat' dir='ltr'><em>ad</em></span> <span class='ocrx_word' id='word_1_448' title='bbox 567 2788 626 2814; x_wconf 85' lang='lat' dir='ltr'><em>me</em></span> <span class='ocrx_word' id='word_1_449' title='bbox 647 2782 684 2815; x_wconf 86' lang='lat' dir='ltr'><em>et</em></span> <span class='ocrx_word' id='word_1_450' title='bbox 704 2790 780 2816; x_wconf 88' lang='lat' dir='ltr'><em>non</em></span> <span class='ocrx_word' id='word_1_451' title='bbox 801 2779 893 2826; x_wconf 88' lang='lat' dir='ltr'><em>odit,</em></span> <span class='ocrx_word' id='word_1_452' title='bbox 914 2783 987 2816; x_wconf 82' lang='lat' dir='ltr'><em>ete.</em></span> 
     </span>
     <span class='ocr_line' id='line_1_88' title="bbox 262 2824 681 2872; baseline 0 -10"><span class='ocrx_word' id='word_1_453' title='bbox 262 2826 348 2862; x_wconf 87' lang='lat' dir='ltr'><em>Luc.</em></span> <span class='ocrx_word' id='word_1_454' title='bbox 375 2827 429 2870; x_wconf 75' lang='lat'><em>14·</em></span> <span class='ocrx_word' id='word_1_455' title='bbox 451 2826 491 2863; x_wconf 90' lang='lat' dir='ltr'><em>P.</em></span> <span class='ocrx_word' id='word_1_456' title='bbox 514 2824 546 2872; x_wconf 89' lang='lat' dir='ltr'><em>I,</em></span> <span class='ocrx_word' id='word_1_457' title='bbox 567 2836 599 2862; x_wconf 86' lang='lat' dir='ltr'><strong>c.</strong></span> <span class='ocrx_word' id='word_1_458' title='bbox 622 2828 681 2871; x_wconf 88' lang='grc'><em>64.</em></span> 
     </span>
    </p>
   </div>
   <div class='ocr_carea' id='block_1_32' title="bbox 1060 2519 1836 2673">
    <p class='ocr_par' dir='ltr' id='par_1_43' title="bbox 1060 2519 1836 2673">
     <span class='ocr_line' id='line_1_89' title="bbox 1116 2519 1776 2567; baseline 0 -11"><span class='ocrx_word' id='word_1_459' title='bbox 1116 2521 1219 2567; x_wconf 85' lang='lat' dir='ltr'><em>Item,</em></span> <span class='ocrx_word' id='word_1_460' title='bbox 1237 2521 1348 2557; x_wconf 86' lang='lat' dir='ltr'><em>unius</em></span> <span class='ocrx_word' id='word_1_461' title='bbox 1366 2521 1544 2565; x_wconf 83' lang='lat' dir='ltr'><em>Martyris</em></span> <span class='ocrx_word' id='word_1_462' title='bbox 1563 2519 1750 2566; x_wconf 74' lang='lat' dir='ltr'><em>Pontificis</em></span> <span class='ocrx_word' id='word_1_463' title='bbox 1767 2532 1776 2556; x_wconf 69' lang='grc' dir='ltr'>ε</span> 
     </span>
     <span class='ocr_line' id='line_1_90' title="bbox 1312 2568 1583 2604; baseline 0 -1"><span class='ocrx_word' id='word_1_464' title='bbox 1312 2568 1475 2604; x_wconf 86' lang='lat' dir='ltr'><em>Secundo</em></span> <span class='ocrx_word' id='word_1_465' title='bbox 1495 2568 1583 2603; x_wconf 91' lang='lat' dir='ltr'><em>loco.</em></span> 
     </span>
     <span class='ocr_line' id='line_1_91' title="bbox 1060 2625 1836 2673; baseline 0 -10"><span class='ocrx_word' id='word_1_466' title='bbox 1060 2625 1097 2663; x_wconf 91' lang='lat' dir='ltr'><em>Si</em></span> <span class='ocrx_word' id='word_1_467' title='bbox 1119 2625 1200 2672; x_wconf 89' lang='lat' dir='ltr'><em>quis</em></span> <span class='ocrx_word' id='word_1_468' title='bbox 1220 2627 1298 2662; x_wconf 89' lang='lat' dir='ltr'><em>vult</em></span> <span class='ocrx_word' id='word_1_469' title='bbox 1326 2630 1410 2673; x_wconf 89' lang='lat' dir='ltr'><em>post</em></span> <span class='ocrx_word' id='word_1_470' title='bbox 1429 2636 1489 2662; x_wconf 89' lang='lat' dir='ltr'><em>me</em></span> <span class='ocrx_word' id='word_1_471' title='bbox 1510 2625 1651 2670; x_wconf 84' lang='lat' dir='ltr'><em>venire,</em></span> <span class='ocrx_word' id='word_1_472' title='bbox 1673 2625 1836 2672; x_wconf 77' lang='lat' dir='ltr'><em>abneget</em></span> 
     </span>
    </p>
   </div>
   <div class='ocr_carea' id='block_1_33' title="bbox 1106 2673 1832 2764">
    <p class='ocr_par' dir='ltr' id='par_1_44' title="bbox 1106 2673 1832 2764">
     <span class='ocr_line' id='line_1_92' title="bbox 1106 2673 1832 2720; baseline 0.001 -11"><span class='ocrx_word' id='word_1_473' title='bbox 1106 2673 1363 2720; x_wconf 87' lang='lat' dir='ltr'><em>semetipsum,</em></span> <span class='ocrx_word' id='word_1_474' title='bbox 1383 2676 1418 2709; x_wconf 89' lang='lat' dir='ltr'><em>et</em></span> <span class='ocrx_word' id='word_1_475' title='bbox 1444 2674 1552 2710; x_wconf 87' lang='lat' dir='ltr'><em>tollat</em></span> <span class='ocrx_word' id='word_1_476' title='bbox 1574 2683 1738 2719; x_wconf 89' lang='lat' dir='ltr'><em>crucem,</em></span> <span class='ocrx_word' id='word_1_477' title='bbox 1760 2676 1832 2711; x_wconf 81' lang='lat' dir='ltr'><em>etc.</em></span> 
     </span>
     <span class='ocr_line' id='line_1_93' title="bbox 1106 2719 1566 2764; baseline 0.002 -7"><span class='ocrx_word' id='word_1_478' title='bbox 1106 2722 1239 2759; x_wconf 80' lang='lat' dir='ltr'><em>Matth.</em></span> <span class='ocrx_word' id='word_1_479' title='bbox 1267 2725 1320 2758; x_wconf 86' lang='lat'><strong>16.</strong></span> <span class='ocrx_word' id='word_1_480' title='bbox 1344 2722 1383 2757; x_wconf 92' lang='lat' dir='ltr'><em>P.</em></span> <span class='ocrx_word' id='word_1_481' title='bbox 1406 2719 1458 2764; x_wconf 90' lang='grc' dir='ltr'><em>ΙΙ,</em></span> <span class='ocrx_word' id='word_1_482' title='bbox 1476 2731 1508 2757; x_wconf 89' lang='lat' dir='ltr'><strong>c.</strong></span> <span class='ocrx_word' id='word_1_483' title='bbox 1532 2734 1566 2759; x_wconf 84' lang='lat'><em>2.</em></span> 
     </span>
    </p>
   </div>
   <div class='ocr_carea' id='block_1_34' title="bbox 1132 2780 1761 2866">
    <p class='ocr_par' dir='ltr' id='par_1_45' title="bbox 1132 2780 1761 2866">
     <span class='ocr_line' id='line_1_94' title="bbox 1132 2780 1761 2827; baseline 0.002 -11"><span class='ocrx_word' id='word_1_484' title='bbox 1132 2781 1246 2817; x_wconf 85' lang='lat' dir='ltr'><em>Unius</em></span> <span class='ocrx_word' id='word_1_485' title='bbox 1259 2781 1438 2824; x_wconf 78' lang='lat' dir='ltr'><em>Martyris</em></span> <span class='ocrx_word' id='word_1_486' title='bbox 1456 2790 1528 2816; x_wconf 89' lang='lat' dir='ltr'><em>non</em></span> <span class='ocrx_word' id='word_1_487' title='bbox 1546 2780 1732 2827; x_wconf 75' lang='lat' dir='ltr'><em>Pontificis</em></span> <span class='ocrx_word' id='word_1_488' title='bbox 1752 2791 1761 2817; x_wconf 74' lang='grc' dir='ltr'>ε</span> 
     </span>
     <span class='ocr_line' id='line_1_95' title="bbox 1328 2828 1566 2866; baseline 0.008 -2"><span class='ocrx_word' id='word_1_489' title='bbox 1328 2829 1450 2866; x_wconf 86' lang='lat' dir='ltr'><em>Primo</em></span> <span class='ocrx_word' id='word_1_490' title='bbox 1475 2828 1566 2866; x_wconf 89' lang='lat' dir='ltr'><em>loco.</em></span> 
     </span>
    </p>
   </div>
  </div>
 </body>
</html>
