1924 3157
668 433 1037 504 TlTUL!

110 607 599 715 CAPITUM
678 607 808 707 ΕΤ
877 601 1602 709 NUMERORUM

554 829 721 889 PER
770 827 1169 888 ORDINEM

138 1213 289 1251 CAPUT
309 1214 432 1250 Lvln.
453 1232 498 1240 —
517 1214 568 1249 De
587 1212 760 1249 Passione
782 1212 927 1248 Domini
944 1212 1062 1248 nostri
1081 1208 1309 1256 meditanda,
1334 1210 1373 1245 in
1394 1208 1570 1254 qenerali.

66 1335 77 1357 1
104 1320 297 1358 Passionis
323 1319 471 1358 Domini
492 1318 612 1358 nostri
638 1330 700 1357 re-

87 1368 270 1404 cordatio.

66 1429 84 1452 2
106 1416 197 1452 Huic
218 1415 475 1452 recordationi
489 1414 700 1453 consolatio

87 1463 249 1500 carnalis
269 1474 344 1500 non
365 1463 550 1509 congruit.

62 1510 252 1595 3dChrist0
271 1511 456 1548 Salvatori
474 1510 703 1558 compatien-

113 1568 193 1594 um.

61 1610 83 1651 4
104 1607 291 1642 Numerus
302 1604 500 1643 vulnerum
515 1605 653 1643 Christi
664 1606 702 1643 in

89 1664 202 1690 sensu
223 1653 376 1690 litterali
398 1657 434 1690 et
457 1653 628 1701 mystico.

65 1705 84 1738 5
106 1703 211 1738 Bona
227 1701 347 1737 multa
369 1704 406 1737 et
427 1712 565 1748 magna
583 1712 604 1739 e
623 1711 702 1738 me·

87 1748 271 1785 ditatione
295 1748 432 1785 Christi
453 1747 701 1796 Passionis‚si

86 1796 159 1832 rite
185 1796 265 1840 fiat,
289 1795 459 1833 fluentia.

62 1847 84 1881 6
102 1844 269 1888 Quatuor
321 1843 457 1882 solatia
503 1855 524 1882 e
562 1842 702 1882 Christi

87 1891 284 1929 Passione.

806 1382 816 1403 1

917 1335 935 1367 7
955 1316 1128 1355 Narratio
1149 1316 1369 1355 abbreviata
1385 1314 1554 1353 historiae

942 1364 1149 1402 Passionis.

915 1417 934 1451 8
956 1413 1043 1450 Tria
1070 1410 1296 1459 principalia
1315 1411 1353 1448 in
1376 1410 1556 1448 Passione

941 1460 1092 1498 Domini
1111 1460 1158 1496 ad
1176 1463 1303 1507 partes
1322 1459 1556 1506 poenitentiae

941 1507 1150 1555 spectantia
1174 1519 1182 1543 :
1210 1507 1377 1553 nuditas,
1415 1505 1557 1552 irrisio,

941 1556 1151 1602 corporalis
1172 1554 1340 1591 afflictio.

917 1620 938 1652 9
960 1603 1049 1647 Quis
1069 1614 1204 1650 passus
1227 1605 1264 1638 et
1280 1612 1303 1638 a
1323 1600 1490 1648 quibus?

900 1667 940 1689 10
962 1651 1114 1698 Saporis
1136 1649 1345 1687 Dominicae
1367 1648 1562 1687 Passionis

920 1698 1133 1736 excitativa.

897 1762 909 1785 1
922 1762 934 1784 1
958 1747 1025 1783 Sex
1043 1744 1161 1791 modi,
1180 1744 1316 1791 quibus
1333 1745 1448 1782 homo
1471 1745 1558 1781 Pas-

940 1794 1086 1830 sionem
1105 1794 1306 1840 meditans,
1327 1803 1412 1830 eam
1431 1793 1556 1830 consi-

942 1842 1078 1878 derare
1098 1844 1235 1888 potest.
1358 1885 1366 1893 ²

897 1903 936 1928 12
958 1888 1045 1926 Tria
1063 1900 1148 1936 quae
1171 1899 1241 1926 nos
1262 1888 1393 1925 Passlo
1420 1887 1544 1925 docet.

239 2010 390 2048 CAPUT
411 2011 502 2049 LIX.
521 2032 566 2038 —
582 2013 632 2049 De
651 2012 770 2060 primo
792 2010 1046 2058 completorio,
1066 2010 1105 2045 in
1126 2010 1299 2045 Passione
1322 2008 1481 2045 Domini.

73 2127 86 2151 1
109 2112 279 2150 Christus
300 2111 415 2149 intrat
433 2112 563 2149 villam
583 2114 704 2151 Geth-

93 2160 254 2204 semani‚
272 2160 318 2197 ad
339 2161 537 2196 orandum.

69 2221 87 2245 2
110 2209 234 2244 Pavor
260 2212 295 2244 et
316 2207 471 2244 tristitia
492 2206 655 2244 Domini.

68 2259 89 2292 5
101 2257 192 2292 Tres
201 2266 323 2292 causae
337 2255 488 2300 pavoris
499 2259 535 2292 et
545 2254 705 2291 tristitiae

91 2302 255 2339 Domini.

68 2354 90 2395 4
114 2352 183 2387 Sex
216 2351 444 2387 documenta
474 2350 635 2388 moralia
665 2361 707 2387 ex

92 2398 246 2434 tristitia
266 2398 547 2438 D(.·n1ini,actus
564 2398 706 2435 consor-

91 2445 270 2482 mationis
291 2451 327 2483 et
352 2448 487 2483 oratio.

69 2497 88 2529 5
110 2493 293 2546 Christus.
328 2494 469 2530 relictis
500 2493 706 2541 discipulis,

93 2550 252 2577 seorsim
280 2545 375 2577 orat.

68 2591 89 2624 6
111 2589 283 2635 Increpat
298 2589 506 2636 discipulos
523 2588 708 2637 imprimis

95 2635 263 2689 Petrum,
298 2648 392 2683 quos
430 2637 580 2675 rediens
615 2638 709 2674 dor-

94 2687 256 2720 mientes
273 2683 428 2721 invenit.

69 2745 105 2814 ⁷1
111 2731 282 2784 Christus
296 2735 380 2769 orat
393 2731 573 2777 secundo,
588 2735 626 2770 et
637 2735 709 2770 ter-

109 2789 158 2816 ιο.

784 2173 823 2196 12

784 2221 823 2243 12

784 2304 824 2338 13

786 2685 828 2720 16

788 2793 824 2825 ¹7

917 2113 937 2147 8
958 2109 1152 2157 Apparitio
1188 2108 1321 2156 Angeli
1352 2107 1555 2146 Dominum

941 2157 1203 2195 confortantis.

919 2221 939 2253 9
959 2205 1106 2249 Agonia
1125 2205 1162 2241 in
1190 2205 1353 2242 Christo.

897 2268 937 2289 10
956 2254 1079 2290 Sudor
1097 2253 1305 2300 sanguinis,
1326 2254 1483 2300 ejusque
1496 2261 1554 2288 ra-

941 2302 1078 2337 tiones.

899 2363 934 2385 11
962 2350 1236 2385 Documentum
1260 2347 1403 2385 morale
1430 2358 1473 2384 ex
1492 2356 1552 2383 su-

941 2396 1033 2432 dore
1056 2397 1267 2442 sanguinis,
1283 2400 1389 2432 actus
1410 2394 1552 2431 confor-

944 2443 1124 2479 mationis
1151 2448 1185 2480 ot
1205 2443 1339 2481 oratio.

898 2506 936 2528 12
961 2493 1034 2528 Cur
1076 2491 1256 2527 Dominus
1303 2488 1466 2527 oraverit
1518 2489 1553 2524 in

942 2540 1051 2575 horto
1069 2538 1326 2585 Gethsemant
1347 2541 1384 2575 et
1400 2537 1470 2573 hoc
1491 2535 1554 2572 tri-

941 2586 1029 2633 plici
1051 2588 1145 2622 vice.

899 2638 938 2671 ιδ
962 2633 1098 2679 vigilia
1123 2634 1261 2671 Christi
1288 2636 1325 2671 et
1355 2631 1555 2680 Apostolo-

943 2692 1026 2718 rum
1050 2681 1240 2719 dormitio.

899 2733 938 2773 14
962 2730 1153 2766 Adventus
1172 2731 1281 2766 Judae
1301 2732 1337 2765 et
1358 2726 1537 2765 cohortis.

899 2781 938 2815 15
961 2775 1134 2814 Christus
1162 2777 1318 2814 obvians
1347 2787 1411 2813 eos
1442 2776 1554 2812 inter-

1657 1379 1676 1409 xl

1655 1568 1676 1648 ΌΝῙ

1658 1712 1750 1744 9·

1655 1856 1676 1886 S)

1635 1901 1670 1923 ιι

1634 2312 1674 2344 19

1631 2453 1674 2476 20

1633 2597 1670 2619 21
