1924 3157
144 195 204 231 202
578 199 786 235 SECUNDAE
825 202 980 236 PARTIS
1017 201 1153 235 CAPUT
1192 199 1335 233 Lxxtv

194 281 211 304 2
241 269 454 304 Maxnicmu
480 280 503 304 A
531 269 665 305 JUDAEIS
698 281 927 307 Anmvmrun
957 275 960 331 Ι
999 271 1050 306 De
1072 268 1201 315 templi
1234 279 1321 304 vero
1354 268 1498 305 aerarIis
1530 273 1567 306 et
1587 269 1777 306 oblatione

142 327 184 350 nr
216 327 365 351 pacomii
396 326 574 352 nummus
600 327 705 352 DATA.
743 337 784 344 -—
818 319 924 354 Unde
958 336 959 363 i
997 327 1218 364 pauperum,
1236 326 1311 351 non
1330 316 1376 352 de
1399 316 1524 353 bursis
1541 316 1702 363 propriis
1717 327 1777 353 ac-

142 362 310 407 n‹·quitia
331 362 551 398 Judaeorum
575 374 640 407 per
656 364 726 400 hoc
744 375 818 401 non
841 365 923 411 qui-
958 366 959 382 ³

141 409 245 453 escit,
268 409 355 454 quia
377 412 588 454 conqreyaci
605 421 686 446 cum
705 414 920 453 senioribus,

141 456 188 491 ad
212 456 507 502 contingendum
534 457 749 504 falsitatem,
771 461 924 495 cmzsilio

141 507 298 548 accepto,
321 506 515 549 pecuniam
536 507 717 551 copiosam
748 506 925 542 dederunt

141 551 393 593 militibus,ad
407 553 698 597 pervertendum
714 554 923 597 veritatem,

139 596 379 643 injungentes
405 599 471 638 eis.
499 602 540 635 ut
561 599 762 646 denigrent
788 602 924 636 Resur-

141 644 319 680 rectionis
343 646 481 681 famam
517 649 553 682 et
577 647 734 682 dicentes
758 661 767 683 :
795 649 923 691 Dicite,

141 692 229 736 quia
239 692 501 738 discipuliejus
516 697 615 729 nocte
627 698 811 739 venerunt,
823 698 854 730 ci
863 696 924 737 fu-
958 705 959 709 ¹

137 739 214 773 rati
233 743 317 775 sunt
334 751 426 785 eum,
442 741 543 776 vobis
563 742 836 777 dormientibus.
856 743 925 776 Ec-

141 795 181 821 ce
200 789 371 832 apertum
390 787 641 824 mendacium.
662 788 766 824 Unde
786 788 838 824 ait
856 791 925 825 Re·
957 808 959 831 ς

140 834 275 877 iniqius
296 847 306 869 .-
331 848 350 866 «
372 834 399 870 Ο
417 835 530 871 stulta
552 835 715 879 insania,
734 835 924 871 dormien-

144 882 197 915 tcs
212 883 327 916 testes
341 881 497 917 adhibes
511 882 518 917 l
532 881 568 918 Si
585 882 925 928 dormierunt,quo-

140 927 252 963 modo
264 928 403 964 furtum
416 929 589 964 viderunt
601 940 608 973 ;
621 931 650 965 si
662 940 738 965 non
752 929 925 965 viderunt
956 924 958 970 ἶ

141 975 330 1018 quomodo
356 978 469 1011 testes
490 976 604 1013 sunt?
628 976 735 1020 Quod
759 976 789 1012 si
810 977 925 1012 etiam
956 983 958 1013 ὲ

140 1020 242 1056 fures
262 1021 450 1066 viderunt,
480 1033 546 1059 cur
568 1034 643 1059 non
667 1034 731 1059 eos
751 1023 923 1060 detinue-

141 1069 255 1104 runt?
272 1082 290 1100 »
311 1069 415 1105 Unde
434 1073 471 1105 et
487 1071 762 1117 Chrysosiomus
783 1084 793 1106 .-
811 1086 829 1104 ι(
851 1073 922 1108 Ve-

139 1125 179 1150 re
201 1115 361 1152 formam
398 1117 583 1153 mendacii
625 1118 791 1154 habebat
823 1119 924 1164 quod

139 1162 326 1199 dicebant.
353 1163 520 1207 Qualiter
545 1166 683 1201 etenim
709 1166 924 1201 furarentur

139 1209 309 1256 discipuli
329 1211 499 1247 homines
518 1222 713 1258 pauperes,
738 1217 775 1248 et
796 1212 923 1249 idiotae
956 1226 957 1230 ¹

139 1260 176 1293 et
202 1268 325 1303 neque
346 1269 527 1304 apparere
541 1259 752 1297 audentes?
767 1260 803 1296 Si
823 1259 923 1296 enim

138 1304 260 1341 adhuc
278 1306 469 1341 Christum
489 1306 612 1342 vivum
630 1306 804 1343 videntes
822 1308 922 1353 suge-

139 1356 239 1396 runt,
263 1352 425 1398 qualiter
444 1357 592 1389 mortuo
611 1364 669 1390 eo.
683 1365 760 1390 non
774 1355 921 1390 timuis-

137 1402 221 1434 sent
236 1403 290 1435 tot
311 1399 470 1436 militum
482 1401 790 1437 multitudinem?
808 1403 922 1437 Num-

136 1446 226 1491 quid
249 1446 383 1483 ostium
417 1447 603 1493 sepulchri
617 1452 792 1494 poterant
810 1459 924 1484 ever-

138 1493 245 1529 tere?
265 1495 374 1540 Lapis
395 1495 587 1532 eminebat
600 1506 774 1542 magnus,
796 1496 924 1532 multis

137 1540 314 1587 indigens
349 1541 536 1580 manibus.
579 1543 767 1588 Numquid
808 1543 924 1579 etiam

140 1598 215 1623 non
241 1592 323 1624 erat
359 1588 526 1635 sigillum
560 1589 924 1636 superimpositum?

139 1636 260 1679 Quare
277 1646 352 1672 non
373 1637 636 1682 persuasibilia
656 1642 745 1673 sunt
771 1649 853 1684 quae
877 1638 923 1674 de

136 1682 234 1718 furto
249 1682 349 1720 dicta
362 1687 461 1720 sunt.
478 1685 596 1729 Unde,
613 1695 679 1731 per
693 1695 776 1730 quae
790 1686 924 1721 Resur-

136 1730 343 1767 rectionem
368 1730 505 1768 Christi
525 1732 753 1768 obumbrare
775 1743 922 1768 conan-

955 1236 957 1263 l

142 1780 213 1821 tur,
238 1789 302 1823 per
322 1778 403 1814 haec
421 1789 505 1815 eam
525 1779 666 1815 faciunt
687 1779 843 1824 clarere,
865 1780 921 1816 di-
956 1803 957 1810 κ

139 1827 266 1861 centes
280 1826 400 1862 enim:
412 1826 506 1869 Quia
518 1827 694 1873 discipuli
703 1827 824 1870 furati
838 1831 923 1863 sunt

139 1882 230 1913 eum,
245 1872 471 1909 confitentur
481 1883 616 1919 corpus
634 1884 710 1909 non
724 1885 803 1910 esse
818 1874 855 1910 in
867 1885 920 1910 se—

140 1919 293 1965 pulchro
311 1931 319 1964 3
342 1920 483 1955 furtum
506 1925 634 1956 autem
655 1921 817 1957 ostendit
839 1932 921 1958 esse

139 1967 299 2003 mendax
316 1970 352 2003 et
370 1967 537 2003 custodia
554 1967 731 2012 militum,
754 1972 790 2004 et
808 1968 919 2005 disci-
954 1978 955 2003 ἕ

138 2013 312 2059 pulorum
332 2025 445 2059 pavor
463 2026 471 2050 z
495 2028 514 2047 »
533 2015 614 2051 haec
633 2016 917 2060 chrysostomus.

140 2061 211 2097 Per
230 2062 301 2097 hoc
315 2061 428 2098 etiam
448 2062 703 2098 moliebantur
722 2062 920 2109 discipulo-

139 2119 223 2144 rum
243 2108 507 2156 perditionem,
524 2110 750 2156 imponendo
763 2110 816 2146 eis
832 2111 921 2147 furti

138 2156 293 2193 crimen.
322 2156 578 2202 spiritualiter
599 2160 725 2193 autem
746 2157 919 2203 discipuli

138 2204 274 2240 Christi
297 2204 399 2240 fures
425 2207 546 2247 erant,
569 2206 656 2250 quia
691 2205 737 2240 ab
760 2204 920 2250 ingratis

138 2250 276 2287 Judaeis
297 2250 437 2296 scripta
455 2251 546 2288 Novi
569 2254 606 2287 et
628 2252 773 2288 Veteris
793 2254 918 2289 Testa—

139 2297 256 2334 menti
277 2298 402 2334 ablata
432 2299 469 2334 in
491 2309 599 2334 usum
628 2299 802 2335 Ecclesiae
824 2311 920 2336 con-
951 2325 953 2334 .

138 2345 323 2390 serebant,
346 2349 382 2381 et
407 2346 650 2390 Salvatorem,
673 2346 735 2392 qui
762 2346 816 2382 eis
831 2357 920 2393 pro-

139 2392 273 2428 missus
290 2393 424 2436 suerat,
445 2392 520 2429 illis
555 2396 663 2429 nocte
690 2393 920 2430 dormienti—

138 2440 222 2483 bus,
248 2440 318 2475 hoc
341 2443 397 2475 est
420 2439 642 2476 infidelitate
668 2441 904 2486 torpentibus

140 2487 389 2530 abstulerunt,
413 2487 592 2523 Gentibus
605 2488 833 2524 credendum
848 2492 920 2524 tra-

139 2533 285 2569 dentes.
309 2534 367 2577 Et,
387 2537 426 2569 ut
454 2533 542 2569 dicit
561 2536 792 2580 Severianus,
818 2535 920 2571 ami—

137 2584 268 2617 serunt
290 2580 440 2625 milites,
459 2580 702 2625 perdiderunt
722 2586 759 2618 et
778 2582 918 2627 Judaei3
952 2591 954 2598 ⁴

137 2628 202 2664 sed
238 2627 411 2674 discipuli
453 2627 672 2674 Magistrum
697 2640 806 2666 suum
844 2641 920 2666 non
952 2644 955 2650 ‘

140 2674 239 2711 furto
273 2675 338 2710 sed
375 2674 464 2718 fide,
499 2675 636 2711 virtute
675 2687 752 2712 non
773 2677 917 2721 fraude,
953 2703 955 2714 2

139 2720 337 2758 sanctitate
363 2732 439 2757 non
477 2721 648 2766 crimine,
683 2724 806 2760 vivum
842 2735 919 2760 non

140 2773 332 2806 mortuum
359 2769 602 2806 sustulerunt.

188 2820 208 2852 5
229 2817 370 2860 Qunam
393 2817 526 2852 JUDAEIS
550 2828 585 2852 ix
608 2828 674 2852 noc
695 2818 859 2854 sinuas?
874 2839 919 2846 -

952 2527 954 2561 l

952 2568 954 2590 l

952 2615 955 2635 Ι

952 2664 956 2699 Ι

998 368 1177 410 ceperunt
1205 363 1419 409 pecuniam,
1442 366 1479 399 et
1513 364 1717 410 copiosam,
1738 364 1778 400 ut

998 422 1043 447 ca
1065 414 1203 447 lainam
1235 410 1370 446 Christi
1399 409 1688 457 exstinguerent,
1713 421 1778 447 cu-

993 459 1055 505 jus
1080 456 1303 503 sa‘nguinem
1325 461 1361 493 et
1381 457 1495 493 vitam
1513 457 1616 503 prius
1643 458 1777 504 huJus-

999 506 1097 541 modi
1120 504 1281 551 pecunia
1306 508 1500 549 emerant;
1523 505 1569 540 de
1590 502 1779 540 communi

998 552 1144 599 prodigi
1175 562 1305 588 sumus
1341 552 1450 595 adeo,
1473 554 1514 587 ut
1549 552 1593 587 de
1627 550 1779 597 proprio

1000 600 1050 635 nil
1069 609 1279 646 erogemus,
1299 599 1352 634 sic
1368 598 1579 645 proprietas
1597 597 1779 644 diligitur,

998 651 1035 683 et
1052 645 1266 682 communio
1283 645 1549 682 contemnitur.
1575 645 1680 681 Unde
1698 647 1781 681 Hie-

998 705 1170 738 ronymus
1195 706 1202 730 ι
1230 708 1248 727 «
1270 693 1450 730 Custodes
1471 691 1654 728 miracula
1667 691 1782 728 confi-

997 744 1139 786 tentur,
1159 740 1214 776 illi
1235 744 1362 776 autem
1383 741 1445 786 qui
1474 743 1557 786 post
1578 739 1651 776 tale
1672 738 1781 776 testi-

999 788 1168 824 monium
1188 788 1396 824 debuerant
1417 786 1583 823 converti
1598 786 1648 823 ad
1667 785 1781 833 poeni-

998 835 1169 879 tentiam,
1190 839 1227 870 et
1245 836 1374 871 Jesum
1394 845 1565 881 quaerere
1576 844 1781 880 resurgen-

999 885 1088 927 tem,
1110 886 1357 928 perseverant
1377 881 1415 918 in
1434 880 1592 925 malitia,
1611 884 1648 917 et
1668 891 1780 928 pecu-

998 931 1115 973 niam,
1128 939 1210 975 quae
1225 929 1272 965 ad
1290 940 1379 965 usus
1396 928 1527 974 templi
1541 928 1629 965 data
1643 928 1780 974 fuerat,

996 979 1148 1012 vertunt
1178 976 1218 1012 in
1251 975 1552 1022 redemptionem
1580 974 1780 1022 mendacii,

997 1024 1093 1060 sicut
1125 1026 1163 1059 et
1182 1027 1269 1060 ante
1294 1022 1450 1070 triginta
1464 1027 1662 1069 argenteos
1676 1023 1782 1060 Judae

996 1071 1181 1107 dederant
1203 1070 1401 1117 proditori.
1426 1071 1564 1107 Omnes
1581 1070 1696 1117 igitur
1715 1070 1780 1117 qui

995 1119 1091 1165 stipe
1115 1118 1260 1164 templi,
1283 1121 1320 1154 et
1340 1118 1411 1162 his,
1433 1129 1514 1164 quae
1537 1118 1782 1154 conseruntur

997 1166 1041 1201 ad
1079 1177 1166 1201 usus
1194 1164 1369 1201 Ecclesiae
1396 1166 1604 1201 abutuntur
1637 1167 1676 1200 in
1696 1164 1781 1201 aliis

996 1213 1126 1257 rebus,
1144 1213 1183 1248 in
1204 1214 1341 1258 quibus
1361 1223 1467 1249 suam
1483 1212 1632 1258 explent
1651 1213 1782 1248 volun-

995 1263 1127 1301 tatem,
1153 1260 1295 1296 similes
1315 1263 1401 1295 sunt
1421 1261 1637 1296 Scribarum
1663 1262 1699 1295 et
1721 1270 1780 1296 sa·

995 1308 1204 1349 cerdotum,
1230 1307 1495 1343 redimentium
1524 1306 1779 1352 mendacium,

997 1358 1034 1391 et
1054 1355 1278 1401 sanguinem
1314 1354 1531 1390 Salvatoris.
1554 1368 1572 1386 »
1611 1355 1718 1390 Unde
1744 1356 1782 1390 et

995 1403 1165 1437 Hilarius
1184 1414 1192 1437 ;
1217 1416 1234 1434 «
1256 1401 1400 1437 Emitur
1420 1412 1508 1447 crgo
1528 1400 1782 1437 Resurrectio-

996 1448 1054 1484 nis
1074 1448 1278 1493 silentium,
1301 1453 1339 1484 et
1352 1448 1443 1485 furti
1462 1448 1702 1485 mendacium
1719 1459 1779 1485 ar-

996 1499 1125 1542 gento,
1148 1496 1236 1542 quia
1255 1497 1398 1532 honore
1419 1495 1548 1540 seculi,
1571 1495 1634 1541 qui
1653 1495 1692 1531 in
1714 1506 1781 1542 pe-

997 1544 1107 1579 cunia
1127 1547 1183 1579 est
1200 1546 1237 1579 et
1256 1544 1294 1578 in
1311 1543 1528 1589 cupiditate,
1548 1542 1684 1580 Christi
1705 1543 1781 1589 glo-

996 1589 1054 1626 ria
1079 1590 1288 1633 denegatur
1310 1603 1316 1626 :
1344 1604 1361 1624 »
1383 1591 1463 1626 haec
1484 1592 1664 1626 Hilarius.
1695 1589 1780 1627 Istis

996 1638 1111 1674 etiam
1135 1637 1277 1674 Judaeis
1301 1637 1443 1674 similes
1475 1635 1575 1681 sunt,
1598 1637 1661 1684 qui
1695 1647 1780 1674 cum

997 1686 1142 1731 magnis
1161 1684 1372 1732 sumptibus
1387 1689 1423 1720 et
1437 1684 1630 1721 laboribus
1644 1695 1781 1721 conan-

995 1735 1057 1768 tur
1073 1732 1121 1768 ad
1140 1731 1423 1768 subversionem
1446 1732 1614 1769 veritatis
1630 1744 1638 1768 ε
1656 1732 1778 1778 cujus-

997 1779 1097 1815 modi
1118 1783 1203 1815 sunt
1220 1779 1392 1816 advocati
1406 1779 1540 1823 dolosi,
1555 1783 1591 1815 et
1605 1779 1780 1816 doctores

995 1837 1090 1863 vane
1116 1826 1281 1873 gloriosi,
1305 1829 1341 1862 et
1362 1826 1428 1869 illi,
1457 1827 1520 1872 qui
1547 1837 1612 1863 eos
1641 1827 1687 1863 ad
1708 1827 1780 1863 hoc

993 1873 1176 1910 inducunt
1204 1874 1502 1920 quibuscumque
1536 1874 1667 1910 modis.
1710 1874 1781 1910 Ubi

994 1921 1085 1957 dicit
1103 1922 1374 1966 chrysostomus
1400 1933 1405 1957 :
1438 1935 1455 1955 «
1480 1922 1560 1957 Non
1579 1920 1726 1957 mireris
1747 1920 1778 1957 si

993 1967 1161 2015 pecuniae
1199 1969 1337 2004 milites
1378 1971 1662 2015 superaverunt,
1695 1979 1779 2014 quae

993 2017 1092 2062 apud
1114 2016 1336 2061 discipulum
1357 2020 1501 2052 tantam
1531 2017 1778 2052 ostenderunt

993 2066 1183 2107 virtutem,
1222 2067 1263 2099 ut
1288 2064 1455 2100 facerent
1490 2073 1576 2099 eum
1612 2062 1779 2109 Magistri

994 2110 1248 2157 proditorcm;
1272 2110 1364 2146 nihil
1397 2109 1498 2147 enim
1524 2110 1691 2147 clausum
1718 2110 1776 2146 vel

993 2159 1193 2202 occultum,
1227 2158 1327 2204 quod
1362 2169 1438 2194 non
1469 2157 1630 2204 pecunia
1660 2157 1773 2194 inda-

993 2211 1119 2251 gante,
1134 2205 1182 2241 sit
1203 2206 1418 2249 contritum,
1434 2209 1584 2252 propter
1601 2205 1700 2251 quod
1717 2205 1775 2241 di-

993 2253 1089 2289 citur
1118 2265 1125 2288 ε
1163 2252 1270 2290 Nihil
1294 2254 1475 2298 iniquius,
1504 2263 1614 2298 quam
1649 2263 1773 2291 amare

990 2302 1198 2347 pecuniam.
1221 2313 1238 2333 »
1266 2300 1370 2336 Unde
1402 2305 1438 2335 et
1458 2300 1635 2337 Raba.·ius
1659 2312 1669 2335 :
1707 2312 1724 2333 «
1746 2300 1774 2336 Ο

995 2347 1108 2393 pestis
1142 2358 1277 2393 magna
1296 2346 1476 2387 avaritiae,
1498 2357 1646 2393 semper
1665 2347 1774 2383 honis

993 2394 1130 2430 animis
1165 2395 1387 2430 detestanda
1407 2394 1413 2429 l
1457 2395 1550 2438 Quid
1596 2394 1771 2438 issaesum,

995 2441 1084 2487 quid
1115 2444 1374 2477 inconcussum
1402 2440 1588 2477 dimittis?
1612 2442 1679 2485 Tu,
1701 2451 1773 2487 ge-

994 2500 1063 2524 nus
1081 2488 1275 2524 hominum
1294 2488 1507 2532 confudisti,
1535 2491 1575 2524 tu
1605 2487 1771 2533 discipu-

994 2536 1070 2571 lum
1104 2536 1278 2571 comitem
1309 2535 1445 2572 Christi
1483 2536 1530 2572 ab
1561 2535 1772 2581 apostolatu

992 2582 1248 2629 praecipitasti‚
1284 2587 1323 2618 tu
1350 2582 1488 2618 milites
1522 2581 1772 2618 custo(ii‹›nte.;

994 2629 1131 2666 Christi
1152 2630 1391 2676 sepulchrum
1411 2628 1602 2676 captivasti
1620 2629 1627 2664 ἔ
1649 2630 1770 2665 Num-

993 2677 1082 2722 quid
1102 2678 1199 2713 benc
1220 2677 1360 2713 dictum
1383 2680 1438 2712 est
1461 2687 1469 2712 :
1507 2677 1670 2712 Pecuniae
1689 2677 1769 2711 obe-

952 2725 955 2735 *
993 2725 1100 2759 diunt
1117 2726 1268 2760 omnia?
1290 2737 1308 2758 »
1330 2725 1412 2760 haec
1426 2723 1611 2760 Rabanus.
1633 2722 1661 2758 Ο
1681 2726 1771 2769 quot

952 2814 956 2868 l

993 2771 1113 2807 socios
1133 2774 1170 2806 et
1194 2771 1352 2807 heredes
1373 2769 1494 2808 Judaei
1519 2772 1557 2806 et
1575 2768 1713 2806 milites
1732 2769 1771 2806 in

992 2818 1062 2854 hoc
1093 2818 1246 2864 scelere,
1270 2818 1382 2854 etiam
1415 2817 1516 2864 apud
1547 2827 1702 2862 magnos
1732 2819 1769 2853 et

1912 2470 1924 2739 .'..i·-———o-..·›.
1919 2431 1921 2435 -
