1924 3157
551 142 604 176 DE
644 140 767 179 NONA,
808 140 849 174 lx
887 139 1099 174 PASSIONE
1140 140 1310 174 nomm.

113 209 305 246 amaculis
324 220 426 256 vero,
463 221 530 257 per
550 221 697 258 aquam,
726 220 808 256 quae
835 208 888 245 la-

114 266 265 293 vacrum
283 261 338 293 est
354 261 489 295 nostrae
506 257 815 303 regenerationis,
835 267 890 292 se-

114 304 276 341 cundum
289 304 378 342 illud
393 306 594 342 Ezechielis
605 318 612 341 :
624 305 822 351 Effundam
833 315 890 339 su-

112 362 177 399 per
197 362 257 387 vos
277 363 410 398 aquam
435 355 621 398 inundant,
644 357 676 388 cc
697 352 888 388 ηιιιηιίαὸἰ-

112 400 258 434 miniub
270 402 435 437 omnibus
447 402 732 447 inquinamentis
744 401 886 435 vestris.

113 447 194 491 Vel,
211 449 333 493 potest
352 449 481 485 referri
497 448 708 495 sanguisad
727 447 888 494 pretium

112 497 226 540 atque
271 496 316 531 ad
375 501 539 532 nostram
591 494 888 541 redemptionem

111 544 151 578 ut
188 541 416 579 redimamur
455 555 476 580 a
499 544 645 590 poenis:
679 552 777 588 aqua
802 552 889 576 vero

113 590 159 626 ad
178 589 367 627 lavacrum
389 596 423 627 et
441 591 487 627 ad
506 594 743 637 peccatorum
759 588 892 625 abluti-

113 647 237 682 onem,
252 642 287 674 ut
304 649 508 685 purgemur
521 637 681 684 aculpis.
700 638 890 682 Sanguine

113 685 211 721 cuim
235 686 319 732 agni
341 686 475 722 domus
490 690 686 722 servantur
706 696 728 721 a
744 695 892 731 percus-

112 732 217 769 sione
248 733 409 779 Angeli;
436 738 474 769 et
507 744 603 779 aqua
632 732 745 768 maris
786 732 890 767 rubri

112 781 402 828 exstinguuntur
421 779 574 816 inimici.
594 781 743 816 Ell'usus
761 783 818 816 est
839 779 893 814 iu-

112 839 239 875 quam,
263 830 322 865 ille
343 829 389 865 ad
411 828 724 874 redemptionem,
751 827 821 863 ista
845 827 892 862 ad

112 876 298 924 redempti
333 876 563 913 ablutionem
589 888 596 919 ;
626 875 687 912 illo
726 879 763 911 ut
792 876 892 911 redi·-

112 930 233 961 meret
253 923 456 970 captivum,
480 923 548 960 ista
569 927 608 959 ut
631 923 801 959 ablueret
821 922 894 958 im-

113 973 308 1008 mundum.
325 972 396 1008 Sed
416 972 474 1007 liic
490 972 677 1007 secundus
692 982 822 1007 sensus
838 981 892 1006 sa-

114 1018 160 1055 tis
180 1019 405 1065 intelligitur
422 1019 459 1054 in
478 1018 600 1065 primo
618 1030 625 1054 ;
645 1018 732 1064 quia
755 1017 814 1054 ubi
839 1021 894 1053 ‹st

112 1066 226 1113 plena
245 1079 266 1102 a
287 1066 450 1113 peccat-is
475 1065 630 1111 ablutio,
655 1066 705 1102 ibi
725 1065 895 1111 sequitur

113 1117 149 1150 et
168 1125 190 1151 a
210 1113 331 1161 poenis
358 1113 593 1160 redemptie;
633 1116 670 1149 et
702 1112 762 1149 ubi
801 1117 855 1149 est
873 1123 895 1148 a

113 1162 270 1198 maculis
283 1160 441 1205 ablutio,
462 1160 511 1197 ibi
530 1161 707 1206 praecedit
723 1165 757 1196 et
771 1170 793 1196 a
812 1170 895 1206 pec-

114 1210 206 1246 catis
222 1210 408 1256 purgatio.
423 1210 499 1244 Hoc
514 1208 627 1244 etiam
645 1208 782 1244 factum
796 1218 896 1243 com-

112 1259 206 1304 petit
223 1257 354 1305 figurae
375 1256 577 1303 :quoniam
597 1255 693 1292 sicut
710 1256 754 1291 de
778 1256 893 1291 latere

113 1304 251 1341 Christi
267 1303 492 1341 dormientis
509 1303 546 1339 in
565 1315 673 1340 cruce
694 1302 820 1343 exivit,
837 1303 894 1339 vel

115 1352 222 1389 [luxit
255 1352 409 1398 sanguis
441 1357 478 1388 et
503 1362 615 1397 aqua,
641 1351 777 1398 quibus
804 1362 892 1386 con-

114 1403 283 1437 secratur
306 1399 495 1443 E1·clesia;
519 1403 571 1435 ita
598 1399 642 1435 de
667 1399 784 1435 latere
805 1398 894 1434 Adae

115 1447 338 1484 dormientis
361 1447 397 1483 in
420 1447 608 1493 paradiso,
640 1445 788 1490 mulier,
812 1456 894 1491 quze

117 1496 235 1542 ipsam
263 1494 466 1531 Ecclesiam
502 1494 703 1539 figurabat,
738 1499 794 1529 est
818 1494 893 1529 t'or-

115 1547 228 1579 mata.
254 1544 296 1578 Et
319 1542 458 1579 sactum
479 1547 533 1578 est
552 1543 622 1578 hoc
644 1541 892 1586 miraculose;

116 1591 204 1637 quia
232 1590 278 1626 de
297 1601 453 1635 corpore
480 1589 634 1633 mortui,
663 1589 700 1624 in
726 1600 799 1635 quo
819 1546 923 1631 sta—i

116 1638 182 1674 tim
209 1648 276 1685 per
306 1637 438 1673 mortis
472 1636 718 1683 frigiditatem
744 1636 896 1681 sanguis
918 1633 924 1682 ἰ

115 1686 348 1733 coagulatur,
371 1688 406 1721 ct
426 1685 461 1720 in
494 1686 620 1721 tabem
648 1684 894 1730 convertitur,
916 1680 923 1730 l

115 1743 187 1769 non
212 1733 307 1769 solet
332 1731 484 1780 sanguis
512 1732 626 1777 exire,
651 1742 716 1767 nec
743 1732 789 1768 de
825 1731 895 1767 ali-

115 1791 189 1828 quo
210 1791 309 1827 aqua
345 1791 437 1826 pura
458 1790 626 1816 manare.
664 1780 729 1815 Ille
769 1782 895 1816 autem

115 1831 271 1875 sanguis
292 1831 374 1865 erat
394 1838 504 1864 verus
523 1832 559 1864 et
577 1838 715 1874 purus;
743 1831 779 1863 et
798 1837 896 1873 aqua

115 1887 204 1913 vera
222 1880 257 1913 et
273 1886 380 1923 pura,
401 1880 438 1912 et
457 1887 546 1920 non,
569 1879 609 1921 ut
630 1875 782 1921 quidam
799 1875 896 1911 (lixe—

114 1929 215 1971 runt,
237 1926 371 1960 humor
390 1923 600 1970 aquaticus,
621 1934 686 1959 seu
702 1923 894 1969 phlegma.

115 1971 321 2009 Considera
341 1982 437 2008 nunc
474 1975 615 2017 quanta
646 1970 716 2006 suit
752 1969 897 2006 malitia

114 2020 346 2059 Judaeorum.
363 2018 426 2066 qui
447 2019 569 2055 adhuc
581 2029 654 2055 non
675 2018 824 2054 suerunt
841 2029 898 2054 sa-

115 2067 227 2104 turati
255 2066 374 2114 poenis
401 2070 439 2103 et
457 2065 670 2120 opprobriis
691 2065 838 2102 Christo
858 2065 896 2101 in

115 2116 193 2152 vita
214 2115 338 2161 illatis,
353 2114 444 2161 quin
464 2119 577 2150 etlam
595 2124 682 2150 eum
698 2124 896 2160 perseque-

114 2167 248 2200 rentur
277 2167 479 2199 mertuum.
504 2163 548 2198 Et
584 2160 756 2208 quamvis
783 2161 897 2198 etiam

115 2209 217 2247 istud
238 2209 600 2247 vulnuslaterisnon
616 2208 790 2251 senserit,
814 2219 898 2246 cum

115 2269 249 2305 corpus
275 2262 466 2294 mortuum
504 2257 636 2302 fuerit;
665 2260 790 2293 tamen
834 2267 899 2303 per

116 2307 187 2342 hoc
207 2307 459 2350 contumeliae,
493 2308 532 2342 et
553 2303 715 2341 convitia
736 2304 806 2341 sibi
840 2304 898 2340 in-

116 2354 350 2397 serebantur,
378 2353 467 2400 quia
493 2363 622 2389 omnes
659 2352 897 2388 contumeliae

117 2406 154 2438 et
172 2400 410 2438 crudelitates
423 2400 536 2437 illatae
557 2402 794 2436 mortuorum
815 2411 897 2436 cor-

116 2449 286 2496 poribus,
312 2448 363 2484 ita
393 2447 520 2494 utique
548 2450 771 2495 reputantur
798 2458 840 2484 ac
867 2446 897 2484 si

117 2496 210 2532 vivis
237 2495 480 2532 inferrentur.

169 2547 206 2588 ιζ.
233 2545 321 2579 'snm
357 2554 567 2579 nocuuexu
600 2555 619 2579 E
653 2554 898 2579 LANCEAmen

116 2603 263 2628 Lari-:ms
284 2593 444 2634 Cntusri,
468 2602 576 2627 ⁴*serus
591 2602 898 2627 coxronunioms

116 2651 158 2675 ET
180 2651 324 2675 onArio.
347 2660 391 2665 —-
411 2640 460 2674 Ex
475 2639 545 2674 hoc
565 2638 722 2675 articulo
744 2639 897 2675 lancea-

118 2687 230 2723 tionis
271 2686 415 2731 lateris,
444 2687 632 2722 habentur
672 2687 744 2723 tria
783 2687 897 2723 docu-

115 2739 256 2772 menta.
280 2734 446 2771 Primum
474 2737 544 2779 est,
587 2734 687 2780 quod
710 2745 780 2771 nos
814 2745 898 2770 cum

117 2783 253 2819 mortui
275 2782 453 2819 fuerimus
474 2792 559 2818 cum
577 2781 737 2828 Christo,
755 2782 896 2818 scilicet

1696 131 1754 167 137

967 209 1107 245 mundo
1127 214 1163 246 et
1198 210 1371 256 peccatis,
1392 212 1480 246 tunc
1510 208 1691 245 debemus
1710 207 1745 240 et

966 256 1128 292 lanceari
1152 270 1235 294 runi
1263 257 1424 301 Christo,
1445 268 1507 293 cus
1537 256 1596 292 ide
1617 252 1745 289 videli-

966 304 1236 350 Qtjssalfflatis:
1260 308 1354 341 sii-nt
1376 301 1531 341 animai
1565 300 1759 338 a‘se‘ian:

965 355 1108 387 ceatam
1130 353 1375 397 gloriabatur,
1392 351 1648 399 quaedirebat,
1668 347 1744 383 vnl-

967 403 1095 435 nerata
1119 401 1274 435 caritate
1296 412 1363 444 ego
1386 411 1480 435 sum.
1523 401 1596 435 Hac
1629 395 1741 433 etiam
1763 397 1768 422 θ

965 446 1105 482 amoris
1142 446 1284 496 lancea,
1315 444 1379 482 cer
1417 458 1524 483 suum
1559 443 1744 492 perforari

965 491 1196 538 Xu‘ffitsss‘ffit'z‘its
1216 494 1335 540 petiit,
1352 494 1500 530 dicens:
1525 508 1541 527 «
1568 495 1671 537 llogo
1694 495 1743 534 tc,

967 543 1137 586 Domine,
1169 553 1236 588 per
1265 541 1327 577 illa
1362 542 1555 577 saltitit‹·1=a
1590 539 1745 575 vulnera

964 593 1042 634 tua,
1066 600 1148 636 qna:
1173 600 1299 636 pausus
1320 600 1360 625 es
1381 600 1447 635 pro
1475 590 1594 624 salute
1618 589 1743 622 nostra

966 637 1002 673 in
1027 648 1150 682 cruce,
1174 648 1215 673 cx
1231 636 1369 683 quibus
1381 635 1569 672 emanavit
1584 635 1646 670 ille
1665 644 1746 680 pre-

967 685 1082 721 tiosus
1103 684 1267 730 sanguis,
1289 695 1361 730 qu«)
1388 694 1517 720 sumus
1545 680 1744 727 redempti,

967 733 1123 769 vulnera
1138 734 1233 769 hauc
1250 732 1413 768 animam
1432 741 1552 767 meam
1570 729 1746 776 peccatri-

969 791 1063 824 cem,
1086 792 1151 827 pro
1171 791 1244 826 qua
1262 778 1375 815 etiam
1387 778 1480 815 mori
1501 778 1676 823 dignutus
1695 787 1745 815 es,

969 828 1126 864 vulnera
1147 838 1229 864 eam
1266 827 1376 870 igneo
1416 830 1451 862 et
1487 823 1749 873 potentissimo

971 876 1043 912 telo
1063 880 1139 912 tuae
1161 874 1432 922 potentissimae
1453 872 1633 910 caritatis.
1657 872 1750 917 Con-

972 924 1042 968 l'ige
1065 935 1131 960 cor
1158 934 1281 959 meum
1303 922 1429 970 jaculo
1450 922 1502 958 tui
1536 918 1690 963 amoris,
1712 920 1751 953 ut

971 972 1070 1007 dicat
1107 970 1171 1008 tibi
1196 969 1322 1006 anima
1346 981 1454 1006 mea:
1484 967 1649 1005 Caritate
1688 969 1750 1001 tua

973 1019 1165 1055 vulnerata
1185 1029 1288 1062 sum3
1315 1017 1365 1053 ita
1387 1020 1424 1052 ut
1443 1028 1484 1052 vx
1501 1016 1580 1063 ipso
1598 1015 1751 1049 vulnere

972 1066 1112 1102 amoris
1136 1067 1187 1102 tui
1213 1065 1414 1104 uberrimae
1439 1066 1558 1100 [luant
1579 1063 1752 1107 lacryma»,

971 1114 1032 1149 die
1048 1124 1090 1149 ac
1106 1118 1228 1149 nocte.
1248 1114 1417 1157 percute,
1438 1113 1609 1154 obsecro,
1625 1107 1750 1144 Domi-

972 1172 1032 1205 ne,
1055 1161 1152 1197 hane
1173 1160 1414 1196 durissimam
1437 1162 1603 1194 mentem
1632 1166 1753 1191 meam

971 1208 1095 1245 valida
1114 1207 1266 1254 cuspide
1302 1206 1372 1253 piae
1394 1204 1622 1248 dilectionis,
1644 1207 1683 1239 ut
1701 1203 1754 1239 al-

974 1256 1046 1292 tius
1066 1256 1114 1293 ad
1137 1255 1268 1291 intima
1282 1258 1456 1302 penetret
1472 1255 1609 1289 virtute
1621 1254 1752 1298 poten-

974 1303 1021 1340 ti:
1051 1317 1070 1336 »
1092 1304 1173 1339 haec
1200 1304 1446 1347 Augustinus.
1474 1323 1520 1328 —
1541 1299 1753 1337 Secundum

973 1352 1240 1388 documentum
1282 1354 1354 1395 est,
1394 1351 1499 1396 Juxta
1540 1350 1752 1392 Chrysosco«

972 1411 1083 1444 mum,
1097 1398 1196 1445 quod
1210 1409 1277 1434 nos
1291 1397 1487 1444 percipere
1503 1396 1685 1433 dehemus
1699 1404 1755 1429 sa-

972 1452 1165 1483 cramenta
1180 1445 1353 1482 Ecclesiae
1365 1456 1406 1481 ea
1422 1443 1629 1480 intentione
1642 1445 1754 1488 atque

973 1494 1186 1539 devotione,
1209 1504 1252 1529 ac
1274 1493 1303 1530 si
1326 1492 1433 1529 nobis
1454 1492 1500 1528 de
1520 1493 1633 1527 latere
1653 1490 1755 1526 Chri-

973 1542 1018 1579 sti
1039 1543 1287 1589 prossuerent.
1305 1541 1447 1577 Vulnus
1465 1539 1602 1576 etenim
1625 1536 1754 1573 lateris

973 1591 1126 1633 Christi,
1149 1590 1218 1625 suit
1241 1588 1376 1625 ostium
1400 1590 1750 1624 sacramentorum:

973 1637 1061 1684 quia
1081 1638 1175 1673 sicut
1196 1636 1242 1672 de
1273 1636 1390 1672 latere
1414 1635 1525 1681 primi
1554 1633 1643 1670 Adae
1680 1632 1755 1668 for-

972 1689 1074 1721 mata
1093 1688 1150 1721 est
1181 1685 1281 1728 Eva;
1305 1686 1356 1719 ita
1377 1683 1423 1718 de
1451 1683 1566 1718 latere
1600 1678 1753 1716 secundi

971 1734 1075 1776 Adae,
1096 1732 1257 1768 formata
1277 1734 1335 1767 est
1354 1729 1533 1766 Ecclesia.
1559 1729 1661 1765 Unde
1686 1737 1753 1763 se-

973 1781 1137 1817 cundum
1159 1781 1423 1824 Auqustinum,
1449 1776 1617 1824 vigilanti
1640 1776 1754 1811 verbo

972 1827 1211 1874 Evangelista
1230 1837 1319 1863 usus
1338 1829 1407 1872 est,
1428 1830 1468 1862 ut
1490 1836 1563 1860 non
1582 1824 1724 1859 diceret
1745 1835 1754 1859 z

972 1876 1070 1912 latus
1099 1876 1179 1922 ejus
1200 1873 1402 1921 percussit,
1426 1876 1490 1910 aut
1524 1870 1751 1916 vulneravit,

973 1927 1036 1960 aut
1060 1923 1149 1969 quid
1170 1922 1272 1959 aliud
1293 1933 1301 1966 3
1325 1923 1388 1958 sed
1425 1922 1584 1967 aperuit,
1618 1924 1660 1955 ut
1698 1917 1754 1953 in-

973 1974 1078 2016 nuat,
1101 1971 1201 2017 quod
1226 1969 1276 2007 ihi
1307 1967 1587 2015 quodammodo
1614 1965 1753 2003 ostium

973 2019 1267 2065 vitaerffiapertum
1285 2021 1365 2062 est3
1389 2015 1479 2062 quia
1499 2015 1586 2051 inde
1625 2024 1756 2050 sacra-

973 2070 1101 2103 menta
1112 2066 1288 2102 Ecclesiae
1307 2067 1570 2107 manaverunt,
1583 2062 1662 2098 sine
1676 2060 1758 2108 qui-

974 2116 1043 2150 bus
1062 2115 1109 2151 ad
1131 2124 1258 2150 veram
1278 2112 1395 2149 vitam
1418 2122 1492 2148 non
1514 2110 1688 2159 intratur.
1711 2110 1756 2144 Et

972 2168 1061 2199 nota
1084 2162 1187 2208 qued
1208 2163 1290 2205 hoo,
1317 2160 1418 2206 quod
1455 2158 1591 2195 dicitur
1627 2166 1752 2193 sacra-

973 2214 1102 2246 menta
1113 2219 1289 2246 manasse
1306 2208 1352 2244 de
1366 2208 1484 2244 latere
1503 2204 1654 2249 Christi,
1670 2213 1754 2250 spe-

973 2257 1119 2293 cialiter
1150 2255 1438 2303 intelligendum
1460 2258 1518 2290 est
1539 2254 1583 2290 tle
1605 2252 1752 2289 duobus

973 2304 1173 2352 praecipuis
1206 2303 1464 2346 sacramentis,
1498 2300 1579 2337 sine
1618 2299 1754 2347 quibus

974 2364 1048 2388 non
1069 2351 1233 2388 intratur
1256 2351 1304 2387 ad
1334 2350 1464 2394 vitam,
1487 2347 1685 2384 videlicet:
1708 2346 1755 2382 de

973 2404 1209 2436 sacramento
1242 2396 1525 2445 redemptioniS,
1559 2396 1661 2431 etde
1696 2404 1757 2430 sa-

973 2451 1166 2484 cramento
1178 2445 1394 2483 ablutionis.
1409 2446 1574 2488 Quorum
1590 2441 1752 2489 primum

973 2494 1192 2543 pertinetad
1203 2496 1481 2530 sacramentum
1494 2489 1755 2535 Eucharistiae,

974 2547 1010 2579 et
1039 2543 1275 2588 significatur
1313 2552 1379 2588 per
1400 2539 1638 2585 sanguinem,
1678 2536 1754 2573 imo

974 2594 1028 2627 est
1051 2590 1127 2637 ipse
1150 2590 1248 2626 idem
1282 2588 1433 2635 sanguis
1455 2597 1565 2634 quem
1588 2584 1756 2632 quotidie

975 2649 1171 2683 sumimus,
1194 2641 1231 2674 et
1252 2636 1314 2684 qui
1332 2636 1436 2673 fluxit
1455 2636 1499 2671 de
1519 2635 1636 2670 latere
1654 2631 1757 2669 Chri-

973 2686 1040 2730 sti3
1065 2686 1269 2722 secundum
1290 2696 1395 2728 vero,
1429 2681 1594 2730 pertinet
1620 2681 1666 2732 ad
1695 2689 1755 2731 sa-

975 2737 1211 2770 crameutum
1233 2731 1485 2779 Baptismatis,
1516 2730 1614 2776 quod
1636 2737 1755 2772 sigm-

975 2782 1110 2818 fleatur
1129 2791 1196 2828 per
1216 2791 1368 2828 aquam.
1390 2779 1494 2816 Unde
1514 2777 1615 2812 idem
1629 2776 1755 2818 Anqu-
