1924 3157
173 211 229 243 20:
588 200 794 234 securim
833 200 986 234 PARTIS

173 278 273 324 gitur
290 273 491 320 assumptio
511 276 584 307 tani
603 268 771 315 corporis
788 279 898 315 quam
915 280 951 305 a·

173 325 349 361 nimae.—-
360 318 554 358 Festivitas
566 316 678 353 etiam
693 317 802 362 hujus
812 320 950 352 sanctae

172 367 454 414 assiimpii‹·nis‚
471 364 714 413 praefigurata
730 362 799 398 fuit
813 363 900 400 olim
914 362 951 398 in

171 422 291 455 matre
313 412 536 452 Salomonis.
565 411 742 448 Salomon
763 411 862 446 enim
887 420 950 445 rex

170 465 207 501 in
229 465 364 499 throno
387 460 516 508 gloriae
546 458 748 501 residebat,
770 460 807 493 et
839 456 948 492 matri

170 523 248 547 suae
268 511 447 546 thronum
465 507 513 543 ad
534 507 723 542 dexteram
735 503 822 550 poni
841 503 950 539 facie-

170 559 248 601 bat,
272 557 309 593 in
331 565 442 602 qu··m
457 553 577 601 ipsam
601 563 622 587 a
640 551 780 587 dixtris
799 550 874 586 suis
895 550 946 585 lo-

169 606 280 648 cavit,
317 607 353 639 ct
387 602 652 648 quodcumque
679 597 855 645 petivi-at,
877 596 946 633 sibi

168 663 244 689 non
270 651 448 697 negavit;
472 649 525 684 sic
541 650 579 683 et
602 646 769 682 Christus
791 646 947 680 Matrem

167 709 273 736 suam
301 695 559 734 beatissimam
584 694 739 730 Mariam
764 702 786 726 a
809 689 947 726 dextris

167 747 244 782 suis
279 743 429 788 locavit,
467 745 505 779 et
537 739 666 778 omnia
700 747 947 784 quaecumque

168 791 340 835 voluerit,
365 791 412 827 ab
434 800 478 826 eo
496 785 728 834 impetrabit.

213 843 233 876 6
254 840 440 875 FELicirAs
476 837 516 872 B.
555 836 695 870 Maxim.
731 850 776 858 -
808 831 836 865 O
862 829 948 866 felix

165 886 282 923 Maria
318 889 355 922 et
375 882 477 920 omni
504 881 614 918 laude
643 877 889 925 dignissima!
918 876 946 913 Ο

166 933 271 976 vireo
294 931 425 976 Maria,
447 928 513 967 Dei
534 926 695 975 genitrix
707 923 892 972 gloriosa!
918 923 946 960 Ο

165 979 336 1016 sublimis
362 986 545 1024 paupera,
567 984 650 1019 quae
673 974 789 1009 Deum
817 974 946 1007 aucto-

167 1037 245 1063 rem
260 1025 343 1063 coeli
366 1028 401 1061 et
426 1028 555 1065 terrae,
571 1030 682 1066 quom
702 1018 824 1054 omnis
845 1027 947 1053 crea-

167 1079 252 1110 tura
274 1083 347 1109 non
363 1070 477 1117 capit,
491 1074 555 1105 tuo
577 1066 819 1103 immaculato
841 1068 946 1100 utero

165 1121 332 1157 clausum
366 1116 543 1166 gestasti!
581 1114 677 1158 Quid
695 1123 768 1149 nos
794 1110 945 1155 tantilli,

165 1167 254 1213 quid
275 1166 424 1203 actione
447 1161 584 1210 pusilli,
604 1161 694 1207 quid
714 1159 754 1195 in
774 1158 850 1195 tuis
871 1158 946 1194 lau-

163 1215 272 1251 dibus
283 1214 505 1254 referemus,
523 1219 607 1246 cum
619 1205 765 1244 etiamsi
777 1205 945 1242 omnium

165 1266 332 1298 nostrum
354 1259 525 1296 membra
549 1257 787 1291 verterentur
810 1252 848 1288 in
870 1251 945 1287 lin-

164 1319 272 1354 guas,
302 1312 338 1344 te
375 1306 530 1342 laudare
560 1302 684 1338 nullus
723 1299 945 1336 sufficeret?

164 1355 259 1399 Quid
276 1354 413 1394 dicam,
429 1363 498 1397 ego
517 1360 658 1397 pauper
676 1348 840 1394 ingenio,
859 1356 944 1382 cum

163 1403 209 1438 de
226 1405 262 1438 te
281 1400 463 1448 quidquid
479 1398 621 1441 dixero,
638 1396 761 1431 minor
775 1394 856 1429 laus
874 1398 942 1436 est,

163 1459 275 1495 quam
313 1446 477 1493 dignitas
508 1448 575 1480 tua
608 1439 830 1478 mereatur?
850 1439 944 1483 Quid

163 1507 252 1543 ergo
273 1495 320 1531 de
339 1498 376 1530 te
397 1493 552 1539 dignum
574 1491 712 1531 dicam,
734 1487 824 1534 quid
844 1489 942 1522 rei'e-

162 1553 258 1586 ram,
280 1553 363 1578 cum
388 1552 462 1576 non
483 1537 646 1575 sufficiat
666 1535 795 1580 lingua
822 1533 944 1569 carnis

165 1594 248 1627 tuas
270 1598 449 1625 enarrare
473 1584 660 1622 virtutes?
685 1583 713 1619 Ο
737 1580 868 1624 Maria,
889 1579 942 1616 tui

165 1637 376 1673 recordatio
389 1634 552 1671 nominis
571 1631 681 1667 melle
702 1628 860 1672 dulcior,
882 1638 944 1663 ne-

163 1688 266 1720 ctare
288 1682 451 1727 suavior,
470 1681 590 1716 fessos
610 1680 770 1721 recreat,
790 1678 944 1711 moestos

163 1730 344 1775 laetificat,
368 1737 568 1775 oppressos
588 1726 747 1767 relevat,
772 1725 942 1758 errantes

163 1779 210 1814 ad
223 1777 319 1813 viam
335 1776 465 1813 salutis
480 1776 644 1816 revocat,
655 1775 693 1808 et
708 1773 940 1817 peccatores,

161 1835 209 1861 ne
247 1825 461 1870 desperent,
491 1830 567 1857 suae
601 1817 796 1855 suavitatis
825 1815 941 1852 odore

161 1871 361 1908 confortat.
385 1870 487 1906 Sicut
508 1866 608 1904 euim
623 1870 793 1911 tempore
811 1873 942 1898 verna-

160 1918 202 1963 li,
220 1928 305 1954 cum
326 1917 374 1954 ad
391 1917 468 1953 alta
487 1913 569 1951 coeli
592 1913 645 1949 sol
661 1911 793 1957 incipit
813 1920 940 1945 ascen·

160 1966 263 2008 dere,
292 1969 329 2001 et
362 1964 472 2000 terris
503 1960 714 1998 foecundam
747 1957 939 1993 radiorum

160 2022 312 2049 suorum
335 2009 626 2047 luminositatem
651 2004 861 2047 infundere,
879 2014 938 2039 ve·

160 2059 339 2106 getabilia
364 2065 499 2093 cuncta
534 2053 687 2091 hiemali
715 2051 833 2098 glacie
854 2061 940 2086 con-

161 2106 289 2143 stricta
307 2105 491 2151 incipiunt
510 2101 753 2142 reviviscere3
774 2099 939 2133 animan-

160 2153 212 2189 tia
241 2163 391 2199 quoque
421 2156 459 2187 et
486 2148 654 2185 volatilia
684 2146 723 2182 in
757 2144 872 2181 antris
902 2147 939 2180 et

160 2201 358 2247 specubus,
385 2208 427 2234 ac
446 2196 604 2234 diversis
627 2195 835 2241 quibusque
858 2190 939 2227 lati-

161 2247 257 2284 bulis
277 2245 513 2287 abscondita,
537 2243 584 2280 ad
605 2246 721 2278 tantae
743 2239 835 2276 lucis
863 2250 938 2274 no-

160 2295 311 2330 vitatem
346 2294 536 2338 respirare
558 2289 756 2335 incipiunt,
778 2297 820 2322 ac
839 2285 938 2322 vires

159 2351 365 2385 resumere,
393 2343 431 2376 et
458 2337 581 2375 cordis
613 2334 784 2372 laetitiam
810 2333 936 2369 canti-

161 2390 242 2433 bus,
276 2391 313 2423 et
336 2385 530 2433 plausibus
557 2382 783 2420 laetabundis
813 2383 937 2416 osten·

160 2436 271 2477 dere;
292 2435 463 2470 homines
480 2441 630 2477 quoque
651 2439 760 2465 senes
782 2437 866 2463 cum
880 2428 935 2472 ju-

159 2480 343 2524 nioribus,
371 2481 452 2527 ejus
474 2479 510 2515 iii
539 2479 701 2515 adventu
731 2473 937 2511 exhilaran-

157 2532 235 2571 tur;
259 2533 297 2563 et
316 2531 394 2562 tota
423 2525 640 2572 superficies
660 2529 773 2559 terrae
800 2522 935 2557 decore

155 2574 340 2618 induitur,
362 2577 397 2609 et
415 2572 621 2619 applaudit,
641 2581 682 2607 ac
700 2567 935 2615 congratula-

153 2627 241 2658 tur:
265 2621 317 2657 sic
336 2620 443 2656 nobis
460 2619 609 2662 accidit,
634 2628 717 2654 cum
738 2617 815 2652 sole
836 2616 932 2651 ami-

152 2673 211 2706 cta
230 2668 335 2715 virgo
354 2667 542 2709 foecunda,
567 2665 709 2711 Regina
738 2662 818 2699 coeli
841 2672 933 2708 prae-

151 2717 283 2760 electa,
305 2719 345 2752 ut
368 2715 422 2751 sol
452 2714 548 2750 fines
569 2712 693 2748 cordis
724 2709 843 2747 nostri
870 2709 928 2745 in-

149 2763 333 2810 greditur,
364 2765 399 2797 et
420 2771 603 2798 memoria
628 2760 709 2805 eJ'us
736 2757 925 2794 mentibus

153 2811 289 2847 nostris
311 2808 548 2846 rutilantibus
575 2808 716 2851 absque
746 2804 844 2841 nube
873 2804 925 2839 in-

1026 200 1163 233 CAPUT
1202 197 1384 230 [lxxxii

1028 267 1218 310 funditur;
1251 265 1428 302 continuo
1459 279 1617 313 namque
1646 269 1800 306 durities·

1027 315 1150 352 omnis
1184 314 1232 349 ad
1262 316 1375 349 tantae
1400 313 1492 349 lucis
1513 314 1799 352 immensitatem

1025 361 1238 404 resolvitur,
1262 358 1368 396 arida
1385 364 1518 397 cuncta
1540 372 1624 398 rore
1642 363 1801 400 coelestis

1024 408 1156 454 gratiae
1184 406 1403 453 irrigantur,
1423 407 1599 453 fugantur
1623 411 1800 455 tenebrae,

1024 456 1149 507 lumen
1167 464 1302 490 novum
1325 453 1502 497 exoritur,
1522 458 1558 492 et
1578 456 1800 502 gaudiorum

1024 503 1134 538 nobis
1166 500 1321 536 materia
1357 501 1542 537 immensa
1577 503 1798 540 cumulatur.

1069 564 1088 595 7
1108 549 1260 584 Nonis-is
1280 559 1392 584 IPSIUS
1407 559 1608 585 INVOCATIO.
1631 570 1672 576 -
1693 551 1722 587 O
1739 561 1803 586 no-

1022 606 1106 632 men
1118 593 1489 638 MarIaendmirabile,
1502 606 1524 631 0
1544 607 1681 633 nomen
1699 597 1802 633 dele-

1022 642 1172 685 ctabile,
1185 652 1320 678 nomen
1337 641 1530 684 sgravidum
1541 644 1800 689 sacramentis,

1021 693 1055 726 et
1080 689 1216 725 divinis
1253 689 1403 734 plenum
1431 689 1643 735 mysteriis!
1674 692 1702 727 Ο
1736 702 1800 727 no-

1022 747 1106 773 men
1135 736 1357 781 gloriosum,
1379 746 1400 771 ο
1426 746 1563 773 nomen
1598 737 1798 774 celeberri-

1022 784 1146 820 mum!
1170 783 1198 820 O
1226 793 1365 819 nomen
1393 783 1566 825 sublime,
1597 788 1684 821 ante
1704 788 1799 821 tem-

1020 840 1114 877 pora
1133 831 1307 883 universa
1328 829 1365 865 in
1385 829 1449 865 Dei
1470 830 1800 876 praedestinatione

1021 882 1283 924 composnum,
1321 880 1359 912 et
1397 877 1434 911 in
1475 881 1642 924 tempore
1676 878 1798 924 digna?

1022 922 1437 977 personam-secundum
1461 934 1556 969 rem,
1579 926 1799 962 convenien-

1022 974 1080 1007 ter
1094 970 1330 1017 impositum!
1351 970 1380 1006 Ο
1402 980 1541 1007 nomen
1556 971 1656 1017 quod
1676 973 1797 1009 nomi-

1022 1021 1134 1071 natur
1154 1019 1291 1070 saepius
1312 1020 1349 1053 et
1371 1017 1632 1063 frequentatur
1654 1019 1799 1056 dulcius

1022 1076 1058 1100 in
1073 1065 1233 1101 concilio
1242 1067 1276 1100 et
1292 1064 1797 1112 congregationejustorum,

1021 1115 1057 1148 et
1084 1111 1184 1158 quod
1212 1114 1385 1147 versatur
1420 1114 1641 1149 clementius
1663 1112 1701 1149 in
1733 1123 1798 1150 ore

1020 1162 1259 1212 peccatorum
1278 1158 1286 1194 1
1310 1157 1379 1201 Qui
1402 1158 1500 1194 enim
1527 1170 1704 1205 umquam
1725 1160 1796 1196 cri-

1020 1216 1162 1258 miniim
1191 1204 1339 1241 veniam
1365 1205 1485 1251 petiit,
1512 1206 1585 1242 nisi
1606 1206 1797 1244 mediante

1020 1252 1169 1289 Maria?
1188 1253 1327 1289 Omnes
1352 1262 1485 1297 nempe
1509 1253 1664 1290 MarIam
1687 1253 1797 1291 invo-

1019 1304 1125 1352 cant3
1150 1310 1280 1335 omnes
1298 1298 1452 1335 Mariam
1470 1299 1694 1345 nominant3
1715 1301 1800 1338 Ma-‘

1019 1357 1113 1382 riam
1128 1345 1677 1391 praeomnibusamantOmnis
1687 1352 1794 1392 aetas,

1019 1404 1140 1437 sexuS‚
1162 1398 1198 1429 et
1227 1393 1426 1439 professio,
1447 1392 1603 1430 Mariam
1630 1395 1796 1432 studiose

1018 1440 1211 1476 reclamat.
1232 1441 1323 1476 Cum
1340 1439 1440 1475 enim
1452 1451 1640 1477 summum
1655 1442 1793 1488 Regem

1017 1487 1208 1533 peccando
1232 1487 1435 1531 perdimus,
1454 1498 1538 1523 cum
1556 1489 1734 1535 Angelos,
1759 1493 1796 1526 et

1019 1536 1176 1587 Sanctos
1188 1544 1321 1587 omnes
1332 1534 1570 1579 ostendimus,
1582 1546 1666 1571 cum
1681 1536 1793 1573 etiam

1018 1582 1221 1633 noliisipsis
1251 1591 1385 1633 graves
1405 1592 1545 1626 sumus,
1572 1587 1610 1618 et
1641 1585 1793 1619 omnino

1017 1639 1206 1664 nescimus
1228 1628 1317 1674 quid
1347 1638 1460 1674 agere
1479 1628 1702 1674 debeamus;
1725 1631 1795 1667 hoc

1016 1675 1136 1711 solum
1156 1678 1273 1711 restat
1292 1675 1452 1719 miseris,
1471 1679 1511 1711 ut
1524 1676 1652 1713 oculos
1669 1677 1793 1714 cordis

1017 1727 1055 1759 et
1075 1722 1244 1768 corporis
1265 1723 1312 1758 ad
1338 1726 1375 1758 te
1392 1722 1574 1768 levemus,
1595 1723 1790 1761 consilium

1016 1773 1241 1815 quaereiite5‚
1262 1772 1299 1804 et
1321 1772 1494 1815 petentes
1509 1770 1702 1807 auxilium.
1721 1772 1792 1808 Un-

1017 1819 1062 1853 de
1083 1818 1277 1852 Anselmus
1311 1829 1321 1850 .-
1357 1828 1374 1848 «
1397 1816 1495 1852 Nihil
1532 1821 1633 1854 certe
1660 1817 1791 1854 utilius

1015 1867 1100 1916 ppst
1122 1865 1252 1906 ileum,
1276 1860 1459 1899 memoria
1478 1863 1607 1900 Matris
1620 1865 1686 1901 Dei
1705 1876 1714 1911 3
1737 1867 1791 1901 ni-

1014 1910 1066 1946 hil
1091 1910 1278 1946 salubrius
1304 1910 1547 1957 meditatione
1565 1911 1616 1958 pii
1635 1912 1790 1957 amoris,

1014 1968 1099 2009 quo·
1114 1958 1282 2009 fervebat
1304 1957 1341 1992 in
1362 1957 1543 1994 memoria
1563 1962 1597 1995 et
1621 1963 1789 1996 contem-

1013 2005 1177 2051 platione
1197 2004 1278 2039 Filii
1301 2004 1380 2048 sui;
1403 2005 1496 2040 nihil
1512 2006 1716 2051 ,iucundius
1729 2017 1788 2043 sa-

1013 2062 1103 2104 pore
1128 2050 1305 2098 pertracti
1326 2051 1453 2096 gaudii
1476 2053 1571 2099 ejus,
1591 2063 1666 2098 quo
1692 2055 1787 2090 mul-

1012 2099 1190 2143 tiplicitei·
1208 2101 1429 2144 pascebatur
1449 2099 1486 2135 in
1506 2099 1653 2145 eodem,
1673 2104 1709 2136 et
1723 2111 1790 2147 per

1013 2146 1186 2198 eumdem
1211 2144 1343 2182 Filium
1367 2156 1486 2182 suum.
1512 2147 1617 2193 Saepe
1637 2147 1787 2193 quidem

1013 2194 1184 2245 vidimus·
1201 2196 1238 2228 et
1266 2191 1477 2229 audivimus
1510 2193 1692 2240 plurimos
1711 2195 1787 2231 bo-

1012 2250 1157 2293 minum
1175 2250 1213 2292 in
1231 2241 1308 2276 suis
1324 2239 1499 2284 periculis
1515 2241 1705 2277 recordari
1723 2253 1786 2278 no-

1012 2297 1124 2339 minis
1145 2297 1261 2333 ipsius
1281 2287 1402 2323 beatae
1422 2287 1548 2324 Mariae
1566 2287 1735 2335 virginis,
1750 2293 1786 2325 et

1011 2333 1111 2369 llilco
1127 2336 1255 2386 ⁸omnis
1277 2333 1431 2379 periculi
1451 2335 1592 2371 malum
1606 2335 1782 2372 evasissc.

1011 2380 1183 2416 Velocior
1195 2385 1250 2416 est
1259 2380 1359 2416 enim
1371 2391 1656 2428 nonnumquam
1668 2383 1781 2428 salus,

1011 2433 1219 2463 memorato
1242 2427 1393 2464 nomine
1410 2429 1621 2475 ejus,quam
1635 2428 1783 2466 iuvoca-

1009 2478 1047 2509 to
1062 2476 1314 2526 *nomineJesu
1337 2474 1438 2511 unici
1456 2476 1537 2511 Filii
1566 2476 1660 2522 ejus.
1682 2477 1727 2512 Et
1746 2476 1782 2513 id

1009 2521 1159 2574 quidem
1180 2532 1255 2574 non
1285 2521 1370 2558 ideo
1395 2522 1452 2567 fit,
1477 2523 1579 2568 quod
1601 2526 1680 2569 ipsa
1700 2533 1782 2559 ma-

1003 2579 1065 2620 jor
1094 2579 1138 2605 co
1173 2572 1221 2604 sit
1249 2572 1313 2604 aut
1342 2569 1556 2615 potentior;
1586 2580 1655 2606 nec
1681 2570 1781 2607 enini

1006 2625 1096 2668 ipse·
1107 2626 1261 2662 mugnus
1281 2619 1344 2652 aut
1356 2619 1488 2662 potens
1509 2620 1563 2653 est
1576 2627 1643 2664 per
1660 2617 1778 2663 illam,

1005 2663 1069 2698 scd
1087 2662 1163 2715 illa·
1178 2674 1243 2716 per
1272 2662 1407 2710 ipsum.
1428 2664 1550 2708 Quare
1572 2675 1661 2711 ergo
1681 2664 1780 2701 salus

1004 2713 1212 2762 promptior
1230 2721 1269 2746 in
1289 2711 1551 2748 recordatione
1566 2712 1648 2758 ejus
1665 2721 1775 2757 quam

1001 2757 1082 2793 Filii
1121 2767 1191 2801 sui,
1207 2767 1332 2810 ‚saepel
1352 2759 1607 2811 percipiatur?
1649 2759 1776 2795 Dicam

1001 2803 1099 2848 quod
1119 2808 1239 2839 sentio
1263 2819 1271 2840 ε
1296 2805 1410 2841 Filius
1427 2804 1579 2850 quidem
1604 2805 1685 2848 ejus
1705 2806 1775 2842 Do-
