1924 3157
329 145 383 181 DE
420 147 638 182 SECUNDIS
678 147 911 187 VESPERIS,
951 147 994 180 ΙΝ
1034 149 1242 184 PASSIONE
1282 151 1450 185 DOMINI.
1648 152 1706 187 141

69 221 146 252 tum
166 216 318 256 habere,
341 220 377 252 et
408 217 534 263 gladio
555 217 722 254 caritatis
743 229 808 254 cor
839 227 963 253 meum
993 221 1317 268 transverberare,
1342 223 1452 269 eique
1474 224 1632 260 vulnera
1651 223 1704 261 tui

68 262 237 310 corporis
258 263 489 309 imprimere,
513 269 548 301 et
577 276 642 311 per
660 266 753 307 haec,
782 264 1031 312 cogitationes
1052 266 1201 303 iiliviias
1237 270 1284 305 ah
1325 271 1404 315 ipso
1440 271 1639 316 repellere,
1660 283 1705 310 ae

68 311 220 348 tandem
240 310 277 347 in
297 312 372 348 tine
391 311 474 349 vitte
494 324 599 358 meae,
618 313 790 360 spiritum
810 323 933 350 meum
955 312 994 349 iu
1015 323 1149 354 manus
1171 319 1254 352 tuas
1276 318 1597 364 commendatum,
1619 330 1704 356 cum

69 357 187 395 beatis
208 358 404 405 spiritibus
427 360 626 398 collocare.
649 362 782 398 Amen.

715 610 896 657 CAPUT
931 611 1051 659 LXV

407 778 456 806 DE
489 777 678 808 SECUNDIS
701 777 901 815 VESPERIS,
930 778 970 807 IN
994 778 1185 808 PASSIONE
1207 779 1361 808 DOMINI.

62 904 229 940 Matthaei
257 914 337 951 cap.
364 904 505 951 XXVII,
529 905 644 941 Marci
666 915 747 951 cap.
771 904 847 949 XV,
869 905 979 941 Lucae
1007 915 1089 952 cap.
1125 906 1238 943 XXIII
1260 909 1296 942 et
1323 906 1482 944 Joannis
1502 918 1583 955 cap.
1611 910 1702 946 XIX.

118 1070 130 1092 1
147 1056 283 1092 Josepn
297 1056 554 1091 AnAnlnATniA
567 1065 701 1091 coneus
715 1054 847 1090 Domni

66 1114 179 1140 PETIT.
193 1123 238 1129 -
254 1103 354 1139 Hora
369 1102 582 1147 vespertina
603 1100 848 1138 meditaberis

66 1155 192 1188 mente
212 1149 360 1197 lugubri
377 1153 413 1186 et
430 1149 676 1197 lacrymabili,
691 1159 847 1195 quomo-

64 1199 113 1236 do
130 1201 250 1235 mater
270 1197 432 1241 Domini,
454 1201 490 1233 et
507 1197 571 1233 alii
593 1200 769 1243 quatuor,
787 1207 848 1242 po-

66 1250 163 1284 nunt
191 1256 231 1283 se
257 1245 394 1282 iterum
423 1245 469 1281 ad
493 1244 700 1281 sedendum
730 1255 849 1291 prope

65 1305 231 1338 crucem,
252 1293 461 1330 nescientes
481 1292 570 1339 quid
591 1292 714 1329 facere
733 1292 848 1328 debe-

66 1345 144 1380 ant.
166 1342 310 1388 Corpus
336 1340 437 1377 enim
467 1340 612 1377 Domini
642 1341 847 1386 deponere,

66 1394 105 1427 et
122 1389 281 1437 sepelire
297 1400 372 1425 non
389 1392 551 1435 possunt
573 1399 580 1423 :
607 1387 694 1433 quia
717 1398 784 1423 nec
800 1389 850 1423 vi-

67 1448 128 1474 res
162 1437 394 1474 sufficientes
430 1436 584 1479 habent,
607 1446 675 1471 nec
704 1435 850 1470 instru—

69 1489 197 1522 menta
211 1483 345 1531 quibus
362 1484 564 1531 deponant.
584 1484 774 1519 Recedere
788 1493 851 1519 au-

68 1535 158 1578 tem,
180 1543 224 1569 eo
242 1531 295 1568 sic
322 1536 512 1575 manente,
535 1541 609 1567 non
630 1530 790 1573 audent;
815 1534 852 1566 et

67 1580 131 1617 diu
158 1590 333 1623 manere,
369 1582 475 1615 nocte
505 1578 848 1625 appropinquante,

68 1639 144 1665 non
169 1629 306 1664 valent.
329 1627 421 1663 Vide
438 1626 476 1662 in
495 1632 637 1672 quanta
662 1629 749 1662 sunt
765 1636 848 1672 per-

68 1675 259 1722 plexitate,
280 1678 316 1711 et
337 1674 389 1711 eis
409 1674 523 1711 corde
545 1677 771 1719 compatere.
796 1675 851 1709 In·

67 1723 178 1761 terim
213 1726 339 1760 autem
374 1723 507 1767 Joseph
538 1722 583 1757 ab
618 1722 847 1767 Arimathicz,

67 1771 218 1808 civitate
231 1770 389 1812 Judaeae,
402 1770 532 1806 decem
548 1768 664 1805 leucis
678 1770 725 1804 ah
740 1770 848 1805 Jeru-

67 1819 184 1856 salem
213 1818 390 1862 distante‚
411 1816 618 1863 antiquitus
644 1815 745 1853 dicta
772 1818 848 1853 Ra-

66 1867 209 1911 matha,
220 1866 320 1903 unde
332 1866 484 1902 suerunt
500 1864 665 1901 Helcana
676 1867 712 1900 et
725 1865 846 1909 Anna,

64 1917 242 1962 parentes
280 1912 479 1957 Samuelis,
514 1913 614 1948 dives
653 1916 686 1947 et
713 1912 847 1948 nobilis

65 1973 217 2010 genere,
239 1965 275 1998 et
307 1962 474 2004 Decurio,
496 1959 535 1996 id
567 1962 623 1996 est
647 1960 693 1996 de
714 1959 847 1996 ordine

65 2010 193 2054 curiae,
208 2012 244 2046 et
265 2009 391 2046 officia
410 2007 523 2044 curiae
544 2006 691 2052 imperii
713 2008 847 2043 Roma-

64 2068 199 2095 norum
221 2056 494 2094 administrans
510 2067 518 2100 ;
537 2057 595 2090 vir
612 2055 738 2099 bonus,
752 2055 790 2090 in
808 2065 847 2091 se

65 2109 102 2142 et
120 2105 244 2153 quoad
267 2106 398 2147 Deum,
414 2108 447 2140 et
460 2105 599 2149 justuS,
616 2103 741 2149 quoad
764 2113 845 2148 pro-

63 2153 228 2197 ximum;
261 2163 303 2189 ac
334 2152 538 2198 discipulus
569 2152 666 2195 Jesu,
696 2161 773 2186 non
800 2150 847 2187 de

63 2200 278 2244 duodecim,
291 2199 349 2236 vel
370 2199 415 2235 de
430 2197 670 2246 septuaginta
685 2197 846 2243 duobus,

64 2249 130 2286 sed
151 2249 198 2285 de
223 2247 350 2284 multis
372 2246 456 2283 aliis
483 2245 738 2290 credentibuS,
759 2246 846 2292 quia

63 2307 194 2334 omnes
215 2295 412 2332 credentes
431 2305 453 2331 a
466 2293 650 2341 principio
669 2293 841 2339 discipuli

62 2345 318 2386 vorabantur,
348 2344 508 2379 occultus
535 2345 668 2383 autem,
695 2345 845 2388 propter

61 2396 194 2428 metum
211 2391 431 2435 Judaeorum,
447 2401 492 2426 ne
511 2390 554 2425 de
574 2399 766 2436 synagoga
785 2399 844 2425 ex-

60 2440 279 2487 pelleretur,
289 2440 354 2484 qui
368 2449 437 2474 non
451 2440 680 2474 consenserat
692 2438 842 2473 consilio

61 2492 95 2524 et
115 2488 257 2523 actibus
283 2497 417 2530 eorum,
435 2485 577 2521 scilicet
599 2484 760 2521 aliorum
779 2485 839 2520 Ju-

61 2535 228 2573 daeorum
241 2533 431 2571 Christum
445 2534 747 2579 persequentium
760 2544 768 2575 ;
780 2534 845 2585 qui

60 2583 312 2629 exspectabat,
335 2581 477 2617 scith-et
503 2579 726 2616 certitudine
747 2590 841 2625 spei,

61 2634 94 2668 et
114 2633 204 2678 ipse,
225 2630 319 2667 sicut
344 2634 378 2666 et
402 2628 465 2665 alii
486 2627 661 2675 discipuli
690 2639 841 2672 reqnum

59 2679 139 2723 Dei,
157 2690 232 2716 non
253 2677 461 2725 temporale
488 2679 525 2712 et
540 2679 758 2729 terrenum,
778 2675 845 2711 sed

61 2726 212 2764 coeleste
243 2731 280 2763 et
311 2729 510 2767 aeternum,
538 2723 576 2759 ld
600 2726 655 2759 est
684 2733 845 2776 regnu-m

62 2775 258 2822 coelorum,
271 2785 294 2812 a
308 2772 457 2811 Christo
477 2770 669 2818 discipulis
686 2781 845 2818 promis-

920 1064 1017 1095 sum,
1038 1055 1137 1090 venit
1153 1054 1201 1090 ad
1223 1055 1481 1101 sepeliendum
1500 1057 1704 1103 Christum,

921 1104 1126 1147 antequam
1149 1101 1311 1138 intraret
1331 1103 1543 1145 sabbatum,
1565 1106 1601 1141 in
1631 1116 1704 1150 quo

921 1149 1011 1184 talia
1046 1149 1169 1185 facere
1204 1160 1279 1185 non
1312 1154 1393 1186 erat
1428 1150 1587 1188 licitum.
1614 1152 1708 1196 Quia

921 1197 1022 1233 enim
1046 1200 1126 1232 erat
1146 1195 1352 1244 discipulus
1364 1198 1529 1242 Domini,
1543 1198 1629 1236 ideo
1645 1211 1706 1237 cu-

921 1254 1002 1280 ram
1025 1244 1069 1279 de
1086 1255 1241 1290 corpore
1263 1245 1344 1291 eJ'us
1365 1246 1504 1282 habere
1521 1247 1653 1292 voluit,
1667 1252 1709 1284 ut

922 1302 1006 1327 cum
1028 1291 1174 1328 honore
1198 1293 1435 1339 sepeliretur,
1457 1297 1494 1329 et
1514 1305 1589 1330 non
1611 1294 1707 1332 sicut

922 1338 1091 1375 damnati
1119 1350 1254 1386 corpus
1282 1340 1544 1387 projiceretur.
1565 1344 1613 1378 Et
1646 1343 1707 1379 hic

922 1386 1058 1422 virtute
1082 1387 1278 1433 sanguinis
1298 1388 1435 1424 Christi
1451 1390 1530 1431 ,iarn
1550 1389 1619 1425 susi
1642 1401 1703 1426 ro-

923 1435 1090 1478 boratus,
1108 1436 1296 1478 audacter,
1318 1436 1421 1471 omni
1438 1435 1576 1473 timore
1595 1437 1706 1484 depo-

922 1481 1009 1526 sito,
1023 1486 1059 1518 et
1080 1483 1331 1526 confidenter,
1350 1485 1518 1519 introivit
1534 1485 1584 1519 ad
1604 1486 1705 1520 Pila-

923 1533 1011 1570 tum,
1025 1530 1705 1575 necJudaeorumtimensinimicitias,

923 1588 991 1613 nee
1014 1577 1125 1613 Pilati
1147 1581 1394 1624 potestatem;
1417 1582 1450 1614 et
1469 1582 1615 1624 roqavit
1638 1591 1702 1617 seu

918 1626 1040 1670 petiit,
1065 1635 1202 1670 magno
1226 1636 1398 1669 munere,
1419 1630 1459 1662 ut
1479 1626 1526 1663 de
1552 1627 1632 1674 ejus
1652 1627 1705 1664 li-

921 1671 1044 1708 centia
1068 1674 1208 1708 tolleret
1230 1683 1359 1718 corpus
1382 1675 1478 1713 Jesu.
1502 1674 1549 1710 de
1576 1685 1703 1719 cruce,

921 1724 958 1755 et
973 1719 1150 1766 sepeliret
1171 1720 1264 1756 illud
1284 1720 1508 1766 honorifice,
1524 1722 1596 1758 hoc
1611 1733 1704 1768 prte-

920 1766 1044 1803 serens
1077 1766 1180 1803 omni
1214 1768 1393 1804 thesauro
1427 1769 1705 1815 quantumlibet

920 1814 1100 1861 pretioso.
1115 1815 1228 1851 Petiit
1243 1821 1369 1852 autem
1389 1816 1462 1852 hoc
1481 1816 1552 1853 sibi
1572 1828 1704 1854 conce-

921 1863 972 1907 di,
995 1862 1097 1909 quia,
1131 1864 1339 1900 secundum
1371 1863 1473 1910 leges
1503 1865 1702 1911 humanas,

920 1921 1081 1957 corpora
1098 1910 1381 1956 damnatorum,
1403 1923 1477 1948 non
1498 1912 1638 1949 dehent
1657 1915 1704 1949 si-

920 1968 967 1994 ne
1005 1957 1156 1995 licentia
1189 1959 1343 2006 deponi,
1371 1959 1428 1995 vel
1462 1959 1627 2006 sepeliri.
1656 1963 1703 1997 Et

915 2008 1087 2052 permisit
1104 2007 1266 2042 Pilatus.-
1278 2010 1354 2043 tum
1372 2011 1525 2054 propter
1539 2008 1702 2054 petentis

920 2053 1192 2098 reverentiam;
1215 2058 1293 2090 tum
1316 2058 1470 2101 propter
1491 2054 1629 2092 Christi
1650 2055 1703 2092 in-

918 2100 1131 2137 nocentiam
1159 2101 1228 2138 sibi
1253 2106 1406 2147 notam;
1430 2106 1465 2138 et
1485 2104 1576 2149 quia
1593 2103 1704 2150 plura

918 2148 957 2184 in
988 2152 1111 2185 morte
1143 2150 1225 2196 ejus
1256 2149 1405 2186 viderat
1433 2149 1631 2187 miracula.
1660 2153 1701 2188 In

919 2198 1084 2242 quadam
1103 2196 1260 2233 historia
1282 2197 1432 2241 dicitur,
1447 2198 1547 2243 quod
1561 2199 1700 2245 Joseph

919 2244 1101 2280 servierat
1122 2243 1289 2291 quinque
1304 2245 1414 2281 annis
1431 2246 1566 2290 Pilato,
1580 2249 1617 2282 et
1635 2257 1701 2293 pro

918 2291 1070 2328 servitio
1090 2292 1197 2338 petiit
1216 2296 1253 2328 et
1269 2292 1433 2329 obtinuit
1455 2303 1592 2347 corpus
1612 2295 1700 2331 Jcsu

918 2340 964 2376 ah
986 2350 1044 2376 eo.
1065 2339 1121 2376 Fit
1140 2344 1267 2376 autem
1289 2341 1348 2376 hic
1373 2340 1553 2377 secularis
1574 2340 1700 2388 digni-

917 2387 1005 2423 tatis
1023 2388 1163 2434 Joseph
1185 2387 1341 2431 mentio,
1361 2399 1438 2424 non
1459 2389 1559 2435 quod
1581 2391 1699 2426 Evau-

918 2435 1053 2479 pelista
1073 2436 1170 2471 hanc
1190 2435 1444 2480 commendet,
1460 2437 1525 2473 sed
1545 2438 1633 2484 quia
1652 2438 1700 2474 ad

919 2482 1123 2518 Praesidem
1141 2481 1214 2519 nisi
1236 2483 1320 2520 talis
1331 2484 1513 2520 accedere
1530 2495 1605 2521 non
1621 2490 1702 2532 pot-

918 2535 997 2566 erat
1021 2542 1027 2566 :
1053 2531 1139 2577 quia
1167 2541 1255 2577 ergo
1283 2530 1385 2567 dives
1412 2535 1492 2568 erat
1519 2533 1625 2569 valde
1649 2533 1700 2569 in-

918 2577 1049 2624 signis,
1074 2589 1116 2614 ac
1141 2578 1260 2614 Pilato
1293 2583 1402 2615 notus
1423 2584 1460 2616 et
1489 2579 1700 2624 familiaris,

920 2625 1040 2671 potuit
1061 2628 1106 2662 de
1125 2625 1224 2662 sacili
1247 2626 1294 2662 ad
1312 2627 1475 2663 Pilatum
1495 2627 1649 2673 intrare,
1663 2633 1699 2664 et

918 2674 964 2710 ab
987 2684 1030 2710 eo
1057 2674 1289 2720 impetrare,
1303 2674 1392 2721 quia
1413 2685 1499 2712 vero
1520 2675 1644 2713 bonus
1664 2681 1700 2711 et

913 2722 1049 2767 justus,
1071 2721 1209 2768 dignus
1233 2721 1302 2759 fuit
1323 2723 1395 2759 hoc
1421 2722 1643 2767 ministerio,
1663 2727 1700 2759 et

918 2769 1054 2807 meruit
1087 2779 1223 2817 corpus
1255 2771 1344 2807 Jesu
1381 2770 1553 2817 sepelire.
1595 2770 1698 2808 Unde
