1924 3157
132 222 188 258 198
559 225 766 260 SECUNDAE
802 227 958 262 PARTIS
996 226 1135 260 CAPUT
1173 225 1329 259 LXXIII

130 293 252 340 ipsum
282 295 451 342 recipere
488 296 667 340 volueris,
693 296 775 343 ipso
798 307 902 334 reve-

129 341 243 385 lante,
265 342 388 388 ipsum
409 343 488 380 sine
510 344 625 380 dubio
657 343 840 389 invenies,
868 348 904 381 et

128 387 249 433 ipsum
277 400 486 435 agnosces3
511 391 562 427 ita
593 394 634 427 ut
665 402 741 426 non
763 392 809 427 sit
834 391 900 427 tibi

128 445 280 472 necesse
302 447 471 483 quaerere
495 439 541 474 ab
565 438 648 474 aliis
677 437 739 474 ubi
769 442 823 474 est
844 441 902 475 Je-

129 491 204 525 sus,
222 483 287 519 sed
307 489 348 519 tu
361 484 672 530 magisindicabis
690 495 790 529 eum,
809 497 901 521 nun-

128 528 227 565 tians
258 541 266 566 :
303 531 397 574 Quia
423 533 504 569 vidi
528 534 736 576 Dominum,
770 537 803 568 et
828 535 901 569 hmo

129 576 229 612 dimit
259 579 352 613 mihi
383 590 390 615 :
421 591 438 613 ))
468 580 548 615 haec
582 580 768 623 Oriqenes.
812 581 899 615 Post

127 622 399 669 aliquantulam
424 636 512 663 vero
540 637 575 662 m
594 627 736 671 mulam,
761 630 797 662 et
818 638 900 663 rum

130 670 247 707 Maria
269 672 405 717 gaudio
429 673 540 720 plena
565 684 650 710 eum
672 673 898 715 adoraverit,

131 717 311 769 Dominus
346 719 527 766 discessit,
563 720 704 764 dicens,
741 720 827 766 quia
864 725 901 757 et

131 764 225 801 allos
243 765 392 803 visitare
411 778 495 803 eum
518 771 719 815 oporteret.

179 826 219 848 ιο
247 814 472 851 MAGDALENA
495 826 708 851 LAETIFICATA
734 825 894 849 Rncnnir.

126 879 171 886 —-
203 860 303 896 Tunc
333 862 451 898 Maria
482 861 896 908 Magdalena,benedi-

126 906 248 943 ctione
269 908 316 944 ab
345 918 388 944 eo
405 912 568 956 recepta,
590 912 627 944 et
647 908 805 944 Domino
824 908 895 944 dis-

979 296 1147 339 cedente,
1166 293 1332 339 recessit,
1355 295 1392 331 et
1417 294 1497 341 J‘am
1519 293 1677 330 credens
1701 290 1750 345 ad

979 343 1097 379 socias
1124 352 1209 378 suas
1231 341 1343 387 venit,
1366 345 1402 378 et
1428 343 1506 378 haee
1524 343 1578 378 eis
1604 342 1750 392 nuntia:

980 390 1042 425 vit.
1069 391 1110 424 Et
1130 389 1203 424 illae
1225 389 1271 424 de
1294 388 1579 425 Resurrectione
1597 386 1747 424 Domini

979 437 1200 483 gaudentes,
1220 436 1285 471 sed
1307 436 1406 482 quod
1427 446 1512 471 eum
1534 445 1608 471 non
1642 434 1747 470 vide-

980 488 1063 520 rant
1097 484 1281 528 dolentes,
1304 485 1471 519 eoeierunt
1494 484 1564 518 cito
1584 491 1667 517 eum
1687 490 1746 524 ea,

979 532 1023 567 de
1044 534 1283 574 monumento,
1313 529 1352 565 id
1375 534 1429 565 est
1467 530 1512 565 de
1548 530 1628 565 loco
1661 529 1750 564 ante

979 583 1280 622 monumentum,
1303 588 1382 613 cum
1403 579 1530 613 timore
1553 579 1586 611 et
1612 574 1749 619 qaudio

978 637 1123 670 magno,
1146 627 1327 660 currentes
1348 626 1521 660 nuntiare
1542 624 1622 659 haec
1641 621 1750 657 disci-

974 674 1076 720 pulis
1091 671 1238 709 Domini
1258 672 1303 708 de
1320 671 1415 718 ipso.
1437 672 1590 717 Duplex,
1611 678 1748 705 secun·

979 721 1068 756 (lum
1104 720 1282 763 Glossam,
1304 723 1385 754 erat
1413 718 1452 754 in
1483 718 1536 753 eis
1575 716 1748 758 affectus,

979 766 1121 803 scilicet
1142 778 1150 802 :
1174 765 1336 810 timoris,
1357 768 1394 801 et
1413 765 1539 811 gaudii
1557 776 1565 809 3
1586 764 1684 800 alter
1703 761 1750 815 de

978 814 1238 859 magnitudine
1263 813 1448 857 miraculi,
1467 814 1562 848 alter
1585 821 1629 847 ex
1650 810 1748 846 desi-

976 861 1080 897 derio
1116 860 1362 906 resurgentis,
1390 864 1426 896 et
1449 862 1608 905 uterque
1640 866 1750 904 gres-

975 918 1058 944 sum
1078 908 1289 944 concitabat
1309 906 1529 943 femineum.

854 1026 1024 1063 ORATIO

172 1140 200 1177 0
223 1139 393 1187 piissime
413 1142 586 1187 Domine,
607 1154 628 1179 o
650 1143 866 1180 dulcissime
906 1143 1098 1189 Magister,
1126 1154 1239 1189 quam
1276 1144 1399 1180 bonus
1440 1153 1480 1179 es
1512 1145 1553 1178 tu
1593 1142 1652 1178 his
1685 1141 1749 1196 qui

123 1191 225 1223 recto
244 1192 330 1224 sunt
350 1189 474 1233 corde,
497 1200 610 1235 quam
635 1191 760 1227 suavis
780 1190 836 1227 his
858 1191 920 1237 qui
941 1191 1101 1237 diligunt
1132 1192 1190 1228 tet
1215 1192 1242 1227 Ο
1264 1201 1376 1237 quam
1409 1189 1536 1226 felices
1569 1191 1657 1225 sunt
1683 1199 1748 1243 qui

127 1239 298 1280 quaerunt
319 1241 368 1280 te,
392 1240 428 1272 et
451 1247 562 1282 quam
591 1237 691 1274 beati
713 1238 773 1284 qui
795 1243 948 1284 sperant
982 1238 1019 1273 in
1040 1239 1097 1274 te!
1123 1240 1263 1275 Verum
1295 1242 1394 1274 certe
1421 1240 1490 1282 est,
1517 1236 1617 1283 quod
1634 1240 1676 1272 tu
1696 1236 1750 1272 di—

127 1281 212 1327 ligis
232 1293 360 1318 omnes
382 1283 579 1330 diligentes
600 1289 647 1324 te,
671 1289 707 1321 et
725 1296 928 1331 numquam
940 1285 1169 1332 derelinquis
1194 1284 1439 1332 sperantesin
1460 1287 1509 1321 te.
1535 1286 1628 1320 Ecce
1647 1283 1748 1319 enim

126 1329 208 1365 haec
228 1329 396 1366 dilectrix
420 1334 484 1367 tua
507 1331 726 1377 simpliciter
756 1334 946 1378 quaerebat
980 1336 1030 1377 te,
1052 1336 1088 1368 et
1118 1333 1302 1369 veraciter
1322 1332 1465 1368 invenit
1491 1335 1542 1368 te.
1565 1331 1750 1378 Sperabat

126 1375 166 1412 in
188 1380 239 1422 te,
261 1381 298 1412 et
319 1388 391 1413 non
419 1383 475 1413 est
503 1378 680 1415 derelicta
701 1390 722 1415 a
739 1383 799 1424 te3
824 1382 888 1416 sed
914 1380 996 1425 plus
1016 1384 1072 1415 est
1093 1384 1294 1416 consecuta
1316 1390 1380 1425 per
1407 1387 1456 1424 te,
1479 1389 1591 1425 quam
1613 1388 1750 1424 exspe-

126 1426 245 1459 ctaret
264 1434 286 1460 a
310 1428 360 1460 te.
384 1425 544 1461 Obsecro
560 1437 648 1472 ergo
664 1430 714 1471 te,
736 1428 907 1471 Domine,
929 1427 977 1462 da
1001 1426 1092 1462 mihi
1111 1427 1267 1473 diligere
1288 1430 1323 1463 et
1342 1437 1511 1472 quaerere
1530 1429 1581 1470 te,
1603 1436 1646 1461 ac
1665 1435 1750 1472 spe-

124 1480 210 1553 rafe
232 1470 271 1506 in
298 1474 410 1554 te,Aut
431 1475 467 1508 et
487 1483 555 1518 ego
575 1484 597 1510 a
617 1479 653 1510 te
676 1473 795 1520 diligi,
816 1478 852 1511 et
870 1478 907 1510 te
934 1473 1101 1511 invenire
1121 1485 1282 1518 merear,
1296 1477 1333 1511 et
1351 1485 1373 1510 a
1393 1478 1429 1510 te
1452 1483 1657 1520 numquam
1684 1472 1749 1508 de-

125 1528 166 1554 re
183 1528 331 1564 lnquar.
380 1529 478 1556 men.

743 1746 923 1793 CAPUT
960 1748 1137 1793 LXXlll

443 1890 635 1924 QUOMODO
668 1891 844 1920 DOMINUS
877 1892 1070 1920 APPARUIT
1103 1892 1244 1920 TRIBUS
1277 1892 1426 1921 MARHS.

497 2003 663 2038 Matthaei
685 2014 765 2050 cap.
788 2003 931 2040 XXVIII
954 2008 990 2040 et
1015 2003 1172 2040 ,Ioannis
1193 2014 1273 2050 cap.
1302 2005 1376 2040 XX.

178 2137 189 2158 1
208 2123 378 2158 Domum
394 2133 461 2158 SIBI
479 2134 712 2160 APPARENTEM
726 2136 890 2160 ADORANT

125 2180 312 2205 numanae.
340 2191 379 2195 —
401 2170 491 2206 Cum
510 2181 598 2217 ergo
621 2172 700 2207 istae
721 2177 794 2207 tres
808 2174 890 2208 Ma—

125 2217 192 2253 riae
209 2216 321 2253 simul
340 2220 557 2263 pergerent,
579 2218 625 2254 de
647 2222 889 2255 monumento

122 2265 362 2309 revertendo,
375 2264 579 2311 antequam
593 2266 830 2311 pervenirent
843 2267 887 2303 ad

121 2310 334 2356 Civitatem,
361 2315 398 2347 et
417 2312 465 2348 ad
486 2313 700 2359 Apostolos,
728 2325 804 2349 ecce
827 2325 886 2350 oc-

121 2360 252 2399 currit,
281 2362 317 2394 ct
347 2359 521 2404 apparuit
545 2362 594 2395 eis
620 2360 798 2397 Dominus
823 2363 889 2396 Je—

122 2414 199 2440 sus.
229 2404 298 2441 Ubi
329 2407 601 2450 Hieronymus:
629 2421 646 2440 «
678 2408 890 2454 Pergebant

121 2450 222 2487 enim
244 2452 290 2487 ad
316 2453 526 2498 Apostolos,
549 2458 589 2489 ut
609 2464 676 2500 per
695 2454 780 2491 illos
801 2454 889 2491 fidei

123 2499 368 2534 seminarium
389 2504 641 2545 spargeretur.
663 2515 680 2534 »
705 2503 794 2545 Quae
821 2513 885 2538 au-

124 2548 200 2581 tem
232 2547 283 2581 sic
310 2547 542 2591 quaerebant,
564 2559 645 2593 quae
677 2549 728 2584 ita
762 2560 888 2585 curre-

125 2592 228 2637 bant,
243 2593 486 2629 merebantur
499 2595 647 2630 obvium
664 2596 804 2633 habere
821 2598 872 2632 Do

125 2638 272 2675 minum
306 2643 577 2685 resurgentem.
599 2643 654 2686 Et,
677 2647 713 2678 ut
735 2645 786 2679 ait
813 2646 888 2680 Ra-

127 2686 254 2729 banus,
273 2696 342 2733 per
358 2687 429 2723 hoc
456 2688 621 2724 ostendit
651 2700 690 2725 se
715 2690 888 2727 omnibus

127 2732 199 2769 iter
224 2733 403 2770 virtutum
442 2735 720 2782 inchoantibus,
761 2741 800 2773 ut
840 2737 886 2773 ad

125 2780 284 2817 salutem
292 2783 718 2828 perpetuampervenire
731 2788 886 2830 queant,

124 2828 336 2874 adjuvando
370 2839 581 2866 occurrere.
613 2830 756 2866 Blanda
785 2842 887 2877 quo-

974 2135 1045 2171 que
1075 2124 1299 2162 salutatione
1319 2125 1500 2161 Dominus
1522 2125 1688 2172 dejectas
1707 2138 1745 2163 e-

974 2172 1114 2218 rigens,
1139 2176 1175 2208 et
1202 2173 1313 2209 verbo
1335 2172 1588 2210 consolatorio
1617 2174 1746 2210 tristes

975 2219 1183 2256 consolavit
1200 2230 1264 2256 eas
1291 2220 1414 2255 dicens
1434 2233 1444 2255 :
1463 2221 1590 2265 Avete,
1610 2231 1652 2257 ex
1670 2223 1746 2257 Eva

976 2266 1142 2302 formans
1156 2268 1244 2303 Ave.
1263 2268 1330 2303 Ubi
1353 2269 1594 2312 Hieronymus
1609 2280 1621 2304 .·
1635 2281 1652 2302 «
1667 2267 1744 2303 Pri-

975 2324 1035 2349 mo
1056 2315 1233 2350 mulieres
1252 2318 1442 2350 merentur
1461 2314 1608 2360 audire,
1629 2319 1742 2357 avete,

975 2364 1015 2395 ut
1038 2361 1277 2397 maledictum
1301 2363 1385 2397 Evae
1412 2361 1646 2407 mulieris,iu
1658 2373 1742 2398 mu-

974 2407 1131 2444 lieribus
1151 2408 1373 2445 solveretur.
1398 2422 1416 2440 »
1439 2410 1517 2445 Iclae
1535 2413 1670 2454 autem,
1693 2409 1743 2445 ul-

974 2459 1031 2498 tra
1052 2466 1166 2500 quam
1183 2454 1256 2490 (lici
1278 2459 1406 2501 posset
1425 2455 1657 2498 exhilaratae,
1681 2468 1741 2492 ac-

973 2507 1167 2543 cesserunt,
1192 2506 1230 2537 ut
1259 2503 1339 2547 jam
1379 2504 1576 2539 credentes
1604 2507 1641 2540 et
1670 2513 1741 2550 per

973 2549 1086 2585 fidem
1112 2549 1344 2593 illuminat-ie,
1371 2549 1472 2595 quia,
1496 2553 1537 2586 ut
1564 2549 1616 2586 ait
1640 2551 1739 2597 Apo-

973 2599 1013 2631 st=
1023 2596 1107 2632 dus:
1123 2597 1359 2632 ‚-I‹;‹;·e[leszte1n
1380 2601 1520 2642 oportet
1535 2597 1704 2640 credere,·.
1715 2625 1736 2632 ..

972 2647 1005 2678 et
1030 2646 1233 2685 tenuerunt,
1256 2654 1299 2679 ac
1322 2644 1546 2680 deosculatae
1573 2647 1659 2680 sunt
1676 2655 1739 2690 pe-

973 2691 1033 2725 des
1048 2691 1138 2734 ejus,
1160 2701 1202 2726 ex
1221 2691 1433 2736 devotione,
1451 2691 1738 2734 humanitatem,

972 2737 1012 2772 in
1028 2748 1101 2783 qua
1119 2739 1293 2783 surrexit,
1312 2738 1518 2784 probantes
1535 2742 1682 2784 aperte,
1703 2741 1739 2774 et

972 2784 1018 2820 de
1053 2785 1344 2821 Resurrectione
1381 2785 1462 2831 ejus
1492 2784 1735 2830 certificatae;

973 2832 1088 2874 Deum
1105 2835 1138 2867 et
1154 2831 1354 2868 Dominum
1371 2833 1630 2873 adoraverunt,
1648 2832 1739 2868 ado-
