1924 3157
558 154 609 190 Dr,
648 136 812 195 SEXTA,
851 153 891 188 ni
931 152 1146 188 rASSioxss
1186 155 1363 190 nouisi.

153 228 197 267 Si
219 229 341 266 Filius
375 230 442 265 Dei
463 240 513 271 es,
539 229 715 266 descende
750 230 795 266 de
817 238 934 270 cruce.
966 230 970 242 '

151 277 337 314 Similiter
362 280 397 313 et
422 279 609 324 principes
635 278 864 314 sacerdotum
886 277 936 312 il-

153 324 318 360 ludentes
338 335 415 360 eum
437 326 591 368 Scribis,
620 325 657 361 id
679 328 737 362 est
759 325 935 369 legispe-

152 371 251 415 ritis,
280 374 314 408 et
351 373 570 410 senioribus.
603 373 637 409 id
667 376 721 409 est
745 372 936 425 judicibus

153 417 380 464 ordinariis,
396 420 579 461 difflebant
596 421 646 456 ad
659 418 936 455 alterutrnmir-

151 563 294 598 salvum
311 564 442 607 faciat,
459 561 495 598 id
517 566 574 598 est
592 561 834 608 semetipsum
854 571 934 607 sup·

151 608 267 655 plicio
286 609 408 646 crucis
426 613 549 653 eruat,
564 611 598 645 si
611 611 669 646 hie
686 613 738 646 est
753 610 932 653 Christus,

1733 153 1790 187 107

1010 231 1048 264 et
1077 230 1336 268 considerasse
1357 240 1406 267 an
1426 229 1598 267 Christus
1621 226 1789 274 aliquam

1010 276 1195 312 mat-ulain
1230 279 1373 324 pem-ati
1398 279 1571 314 haberet.
1595 275 1699 313 Unde
1729 275 1786 311 di-

1010 323 1188 380 scipulis
1182 336 1216 360 in
1239 336 1345 361 coena
1366 326 1424 361 di«
1429 339 1446 359 (
1450 327 1544 362 bat:
1565 325 1675 360 Venit
1692 323 1787 358 enim

1008 373 1178 417 piinceps
1198 373 1326 407 mundi
1353 374 1475 417 hujus,
1500 373 1533 407 id
1561 374 1618 408 est
1645 373 1790 407 amato-

968 451 969 454 ,
1009 429 1093 455 rum
1129 419 1445 462 mundi,s1·ilicet
1474 420 1674 456 adversum
1710 428 1786 460 me,

153 465 345 503 ridendo:
367 468 471 504 Alios
493 469 614 504 salios
633 469 734 512 fecit,
752 471 787 503 et
804 467 934 512 utique
968 467 969 475 ¹

151 517 228 550 tam
246 514 611 561 spiritualiter-quam
625 514 886 561 corporaliter,
898 523 935 549 se
968 523 969 533 ¹

156 656 194 694 id
225 659 281 694 est
308 658 385 693 Rex
404 656 480 693 sive
502 657 673 700 Messias,
700 658 763 693 Dei
782 657 930 697 electus,
966 687 968 693 ,

155 703 192 741 id
214 707 272 740 est
291 703 357 740 Dei
381 703 509 741 Filius.
534 705 638 741 Unde
656 704 754 741 Beda
780 717 790 740 .-
813 717 830 736 «
854 705 932 740 Imo
966 709 967 750 ζ

154 762 194 788 se
217 751 362 788 salvum
397 752 521 788 facere
558 752 604 788 de
631 763 742 788 cruce
773 751 931 788 descen-

154 799 279 836 dendo
300 799 435 839 noluit.
459 798 550 845 quia
578 798 658 842 inse
688 802 745 836 est
765 798 933 836 Christus
966 830 968 839 ,

153 845 220 883 Dei
242 846 401 884 electus.
424 847 516 883 Nam
551 846 613 893 qui
642 847 737 883 ideo'
755 846 871 890 venit,
894 850 935 882 ut
966 842 967 885 Ῠ

151 905 222 940 pro
238 894 348 931 nobis
369 895 667 940 crucifigeretur,
687 894 773 931 ideo
795 898 933 930 semet-

153 941 278 988 ipsum
301 941 448 979 salvare
469 942 515 979 de
537 953 647 979 crure
667 941 934 979 descendendo
967 965 969 983 ;

151 988 342 1035 neglexit:
367 989 455 1036 quia
482 1001 566 1026 cum
596 989 733 1026 ceteris
757 993 934 1043 peccato-

153 1036 273 1078 ribus,
293 1018 406 1073 etiam
421 1037 505 1073 illos
517 1036 581 1084 qui
598 1048 683 1074 eum
698 1036 933 1077 crucifixere,

155 1083 303 1121 salvare
320 1085 518 1121 moriendo
533 1084 690 1122 curavit.
706 1099 724 1117 »
742 1086 783 1120 Et
797 1084 935 1121 iterum

154 1131 365 1168 dicebant:
381 1132 489 1168 Alios
508 1134 631 1169 saltos
651 1134 754 1177 fecit
773 1134 935 1178 seipsum

151 1190 223 1216 non
248 1182 368 1226 potest
388 1181 531 1216 salvum
552 1182 686 1224 faeere.
713 1180 820 1217 Unde
839 1181 935 1216 Hie-

152 1237 327 1271 ronymus
362 1240 373 1264 .·
413 1227 576 1264 «Etiam
616 1228 790 1264 nolentes
820 1227 935 1263 consi-

152 1277 281 1311 tentur
314 1274 454 1312 Scribae
479 1280 513 1312 et
544 1274 742 1316 Pharisaei,
768 1275 867 1321 quod
900 1285 937 1310 a·

153 1321 225 1358 lios
261 1322 386 1359 salvos
422 1323 568 1359 fecerit.
599 1336 617 1357 ))
650 1325 781 1368 Itaque
809 1325 937 1358 vestra

152 1380 219 1406 vos
250 1370 480 1406 condemnat
502 1370 704 1407 sententia.
726 1371 795 1415 Qui
832 1369 936 1406 enim

154 1415 250 1453 alios
271 1417 396 1454 salvos
418 1418 519 1463 fecit,
542 1419 688 1464 utique,
705 1417 734 1455 si
758 1417 882 1461 vellet,
901 1420 938 1454 et

154 1464 321 1518 seipsum
349 1476 503 1503 servare
542 1468 704 1511 poterat.
730 1467 774 1502 Et
798 1465 936 1502 iterum

153 1511 364 1549 dicebant.
384 1514 428 1550 Si
450 1524 516 1550 rem
537 1515 653 1550 Isinel
673 1516 738 1554 est
762 1523 836 1549 non
859 1511 937 1559 qui-

155 1569 333 1614 cumque,
365 1561 430 1597 sed
466 1560 621 1598 Messias
656 1560 867 1607 promissus
895 1560 936 1596 in

152 1607 266 1654 Lege
294 1606 494 1655 sicutipse
526 1607 675 1645 dicebat
711 1609 756 1645 de
792 1618 845 1651 se,
873 1608 935 1643 de-

150 1655 302 1691 scendat
332 1667 428 1692 nunc
461 1656 505 1692 de
526 1667 642 1700 eruce,
665 1659 705 1692 ut
740 1654 936 1691 videamus

152 1701 298 1738 scilicet
319 1701 498 1740 virtutem
526 1702 659 1757 ipsius,
680 1703 768 1750 quia
790 1702 853 1739 alii
875 1713 935 1738 re-

153 1759 221 1795 ges
242 1760 315 1786 non
336 1754 494 1797 possunt
515 1750 607 1787 talia
624 1751 749 1788 facere
767 1762 776 1793 ς
799 1754 833 1786 et
858 1760 935 1786 ere-

151 1797 274 1833 dimus
292 1799 338 1840 ei,
350 1799 416 1835 sed
431 1798 728 1843 mentiebantur,
743 1797 934 1834 dicentes:

152 1845 353 1882 Credimus.
378 1846 482 1883 Unde
507 1846 596 1883 dicit
622 1847 721 1882 idem
748 1847 936 1891 Hierony-

152 1903 265 1929 mus.
289 1907 308 1926 «
331 1894 586 1931 Fraudulenta
605 1893 819 1948 promissio.
842 1893 936 1937 Quid

156 1943 213 1977 est
232 1939 334 1977 enim
356 1941 438 1987 plus
464 1943 508 1978 de
535 1952 647 1978 cruce
667 1941 856 1978 viventem
876 1940 938 1977 d«-

158 1987 353 2032 scendere,
373 1999 420 2025 an
443 1989 489 2026 de
512 1989 711 2043 sepulchro
740 1992 936 2025 mortuum

156 2045 358 2082 resurgere
371 2036 389 2072 ’ἔ
406 2038 449 2073 Ε1
470 2036 688 2077 resurrexit,
706 2040 742 2073 et
762 2047 839 2072 non
859 2046 936 2072 cre-

159 2082 247 2120 ditis
267 2083 326 2127 ei;
361 2095 451 2131 ergo
482 2084 631 2121 etiamsi
662 2084 710 2121 de
740 2094 850 2120 cruce
873 2083 937 2120 de-

157 2131 361 2176 scenderit,
383 2131 559 2169 similiter
588 2143 664 2169 non
701 2130 863 2168 credetis
884 2129 933 2169 ei.

156 2177 229 2215 Sed
250 2178 341 2215 mihi
372 2179 523 2216 videtur
554 2180 627 2217 hoc
648 2180 840 2216 daemones
868 2179 934 2215 im·

153 2225 318 2263 mittere.
332 2227 464 2264 Statim
480 2227 581 2264 enim
599 2230 640 2264 ut
660 2226 862 2264 crucifixus
876 2229 935 2263 est

154 2273 352 2317 Dominus,
377 2278 579 2312 senserunt
599 2275 776 2312 virtutem
798 2274 931 2318 crucis,

156 2323 192 2357 et
231 2320 499 2359 intellexerunt
540 2322 676 2359 fractas
714 2333 798 2359 esse
834 2321 933 2358 vires

155 2379 266 2413 suas;
289 2374 326 2405 et
343 2369 414 2406 hoc
435 2373 554 2417 agunt
580 2373 623 2407 ut
655 2370 701 2407 de
731 2380 842 2406 cruce
872 2369 935 2406 de-

155 2398 326 2462 scendat,
359 2428 407 2454 ne
438 2417 580 2454 faceret
619 2417 782 2455 salutem
819 2427 933 2463 quam

153 2444 412 2501 inchoaverat.
431 2464 504 2503 Sed
524 2465 706 2502 Dominus
726 2464 849 2502 sciens
864 2464 932 2501 ad-

151 2511 410 2549 versariorum
452 2511 624 2554 insidias
660 2515 863 2560 permanet
896 2512 934 2548 in

153 2559 338 2606 patibulo,
371 2563 413 2596 ut
447 2559 642 2597 diabolum
670 2560 881 2598 destruat:

153 2607 236 2643 haec
253 2609 509 2653 Hieronymus.

205 2668 248 2691 20
273 2656 456 2693 DIABOLUS
478 2667 595 2692 surm
612 2667 748 2692 CRUCEM
770 2667 934 2692 STETISSE

155 2713 307 2740 muron.
341 2724 384 2730 --
410 2705 551 2757 Tamen
593 2702 629 2739 in
667 2703 786 2740 Tobia
821 2714 936 2751 super

158 2750 439 2787 exenteratione
479 2749 592 2798 piscis
628 2750 765 2795 levitur
797 2751 936 2787 daemo-

156 2806 244 2835 nem
263 2798 412 2836 stetisse
447 2809 562 2846 super
580 2798 776 2836 brachium
798 2798 934 2844 crucis,
966 2808 969 2836 ζ

1008 466 1072 502 sed
1092 467 1130 502 in
1154 477 1207 501 me
1226 478 1297 502 non
1319 467 1424 502 habet
1443 468 1662 513 quidquam.
1685 465 1786 512 quod

1008 513 1056 550 ad
1084 525 1123 550 se
1158 515 1356 558 pertineat.
1381 515 1424 550 Et
1456 514 1626 559 quamvis
1648 523 1782 560 perca-

1009 564 1086 597 tum
1104 572 1179 597 non
1195 562 1365 606 liaberet,
1384 565 1419 597 et
1435 561 1519 598 ideo
1536 563 1646 597 morti
1665 562 1785 597 obno-

1008 608 1090 645 xius
1124 619 1198 645 non
1234 612 1347 653 esset,
1377 609 1473 645 mori
1497 612 1622 644 tamen
1652 609 1786 651 voluit,

1009 656 1100 703 qnia
1118 658 1230 692 Pater
1247 657 1316 692 hnc
1337 656 1369 693 ei
1388 656 1603 699 niandavit3
1637 658 1673 691 ct
1700 655 1786 691 ideo

1009 703 1200 751 subjecit.
1231 703 1306 740 Sed
1344 707 1383 740 ut
1406 707 1597 747 cossnoseat
1631 703 1790 738 mundns

1009 754 1098 798 quia
1110 752 1225 796 diliyo
1244 753 1402 796 Patrem,
1413 755 1446 787 et
1464 753 1559 787 sieut
1575 751 1790 786 mandatnm

1009 800 1112 836 dedit
1144 801 1238 835 mihi
1264 801 1385 840 Pate),
1420 801 1472 835 sie
1501 800 1614 842 facio,
1649 797 1792 832 scilicet

1009 858 1078 894 pro
1105 846 1324 883 hominibus
1346 847 1558 883 moriendo.
1582 844 1788 881 Considera

1009 895 1122 931 modo
1151 894 1241 948 quid
1274 894 1311 930 in
1334 894 1493 931 aliorum
1518 892 1615 930 exitu
1638 893 1789 929 daemon

1010 943 1110 986 sarit,
1134 942 1195 988 qui
1216 946 1349 978 contra
1369 942 1491 988 ipsum
1511 941 1641 996 mundi
1665 940 1790 976 Salva-

1009 993 1129 1026 torem
1158 993 1194 1026 et
1218 990 1420 1026 Dominum
1455 988 1583 1025 venire
1605 998 1789 1035 praesuni-

1009 1037 1096 1084 psit.
1113 1037 1217 1074 Unde
1233 1037 1285 1073 ait
1301 1038 1497 1079 Greqorius
1512 1050 1522 1072 :
1537 1051 1555 1069 κ
1571 1035 1788 1073 Curandum

1011 1084 1122 1121 nobis
1151 1088 1222 1127 est,
1254 1087 1290 1120 et
1321 1095 1404 1120 cum
1440 1083 1589 1129 mannis
1621 1082 1790 1129 quotidie

1010 1132 1163 1169 fletibus
1182 1132 1440 1176 (Ὁσίίᾶηάυῐη,
1463 1141 1575 1177 quam
1599 1141 1734 1169 saevus.
1755 1133 1791 1165 et

1011 1190 1124 1234 quarn
1161 1159 1344 1216 terribilis
1377 1180 1504 1215 suain
1542 1178 1652 1215 nobis
1675 1188 1791 1223 opera

1010 1227 1224 1274 requirens,
1247 1227 1286 1264 in
1307 1227 1369 1263 die
1396 1227 1515 1263 nostri
1546 1226 1666 1263 exitus
1688 1224 1790 1272 prin-

1011 1286 1096 1322 ceps
1117 1275 1232 1322 hujus
1251 1275 1385 1312 ffiundi
1406 1276 1546 1319 veniat,
1567 1274 1597 1310 si
1615 1273 1730 1310 etiam
1743 1272 1790 1308 ad

1011 1324 1129 1359 Deum
1154 1324 1190 1358 in
1213 1333 1326 1359 carne
1356 1322 1580 1358 morientem
1615 1320 1733 1364 xenii,
1755 1323 1791 1356 et

1010 1371 1049 1407 in
1071 1370 1135 1406 illo
1166 1369 1308 1414 aliquid
1346 1369 1534 1416 quaesivit,
1556 1368 1595 1405 in
1624 1380 1697 1415 quo
1729 1368 1789 1403 in-

1010 1419 1142 1455 xenire
1163 1417 1256 1453 nihil
1286 1418 1422 1464 potuit.
1445 1418 1554 1453 Prius
1580 1427 1669 1452 vero
1703 1425 1789 1451 curn

1010 1464 1049 1501 in
1076 1465 1272 1502 miraculis
1299 1466 1415 1502 Deum
1456 1467 1700 1511 cognoverat,
1724 1462 1789 1499 sed

1012 1513 1058 1549 de
1081 1512 1298 1555 covnitione
1334 1523 1402 1549 sua
1429 1512 1476 1549 ad
1502 1501 1789 1548 dubitationem

1012 1555 1161 1605 cecidit,
1184 1560 1336 1605 quando
1368 1561 1469 1596 hunc
1499 1557 1790 1605 passibiltmvl-

1012 1608 1097 1644 dit·
1122 1622 1139 1642 »
1163 1608 1243 1644 haee
1264 1608 1472 1653 G7e907ins
1496 1608 1536 1643 In
1572 1617 1682 1642 eruce
1700 1615 1790 1651 ergo

1011 1660 1204 1702 tamquam
1232 1655 1270 1691 in
1292 1655 1478 1701 decipula,
1502 1658 1635 1702 captus
1656 1656 1712 1690 est
1734 1652 1791 1688 (11-

1012 1703 1146 1740 abolus
1168 1708 1203 1739 et
1223 1702 1356 1739 xictus.
1388 1703 1493 1739 Unde
1521 1703 1788 1753 Augustinus:

1015 1765 1028 1783 ι(
1055 1752 1136 1797 Ipsa
1159 1754 1281 1787 morte
1302 1751 1439 1787 Christi
1465 1753 1521 1786 est
1543 1749 1715 1786 diabolus
1737 1747 1792 1783 vi-

1012 1801 1338 1852 ctus31amquam
1361 1798 1400 1834 in
1426 1797 1635 1844 muscipula
1664 1805 1790 1832 escam

1012 1845 1169 1892 actenit.
1182 1845 1390 1892 Muscipula
1407 1845 1562 1889 diaboli,
1579 1855 1666 1880 crux
1681 1843 1789 1880 Chri-

1012 1894 1072 1938 sti;
1084 1904 1167 1930 esca
1178 1905 1253 1940 qua
1265 1896 1476 1941 caperetur
1486 1874 1762 1929 morsDomini.
1769 1903 1787 1924 ³)

1061 1955 1100 1978 21
1133 1942 1329 1978 PmexTIA
1364 1942 1624 1986 CunisT1‚Duu
1645 1950 1790 1975 DERIDE·

1011 2000 1094 2033 Tun,
1118 2001 1358 2026 Doccuamei
1376 2001 1420 2025 Ex
1433 2001 1520 2025 1sT1s
1541 1997 1790 2024 1LLusloxisstts

1011 2049 1054 2073 ET
1068 2048 1212 2074 ORATIO.
1234 2058 1277 2064 —
1292 2040 1340 2074 Et
1352 2036 1487 2073 iterum
1498 2037 1671 2072 similiter
1689 2036 1790 2080 prin-

1010 2087 1107 2131 cipes
1130 2086 1357 2121 sacerdotum
1380 2084 1576 2120 illudentes
1595 2083 1788 2119 dicebant:

1011 2133 1167 2178 Confidit
1187 2135 1227 2168 in
1253 2135 1339 2175 Deo,
1369 2133 1498 2168 liberet
1516 2142 1625 2171 nune,
1647 2133 1681 2166 si
1708 2129 1789 2165 vult

1011 2182 1216 2216 enm.Di:rit
1232 2183 1348 2216 enim:
1365 2181 1458 2223 Quia
1474 2181 1592 2216 Filius
1612 2179 1678 2214 Dei
1692 2187 1786 2213 sum.

1009 2227 1124 2271 Quasi
1153 2226 1354 2264 dicerent:
1378 2227 1414 2264 Si
1445 2237 1576 2263 verum
1606 2225 1709 2268 dicit,
1738 2223 1787 2260 li-

1007 2276 1245 2313 berationern
1267 2286 1411 2312 suarna
1433 2275 1508 2311 Deo
1524 2273 1652 2310 statim
1670 2272 1787 2317 impe-

1007 2322 1137 2366 trabit,
1163 2322 1252 2369 quia
1271 2326 1380 2370 pater
1402 2322 1496 2359 filios
1514 2321 1677 2359 libenter
1697 2319 1787 2356 libc-

1007 2374 1080 2407 rat.
1099 2351 1308 2406 II'ludebant
1328 2374 1448 2406 autem
1469 2371 1503 2406 ei
1521 2372 1556 2406 et
1574 2369 1712 2405 milites
1729 2378 1787 2403 ac-

1008 2418 1171 2454 cedentes
1198 2428 1316 2464 prope
1346 2428 1497 2454 crucem
1525 2426 1699 2463 corpore,
1721 2414 1789 2451 5ιά

1007 2466 1117 2511 longe
1153 2466 1375 2502 recedentes
1404 2469 1545 2509 mente,
1575 2468 1609 2501 et
1647 2466 1788 2499 acetum

1008 2513 1198 2567 offerentes
1224 2515 1270 2559 ei,
1298 2513 1441 2550 scilicet
1464 2515 1612 2560 postea,
1633 2510 1785 2558 quando

1009 2560 1133 2597 dixit:
1158 2543 1270 2605 sitio,
1288 2564 1322 2597 et
1342 2561 1527 2597 dicentes:
1549 2561 1590 2597 Si
1608 2563 1647 2596 tu
1665 2570 1700 2594 es
1720 2568 1786 2593 rece

1007 2609 1227 2653 Judaeorum,
1244 2607 1341 2645 Sicut
1357 2608 1495 2652 (luisti
1507 2609 1649 2644 salium
1665 2607 1783 2650 tesan,

1009 2655 1190 2693 sciliceta
1210 2660 1332 2693 morte
1346 2656 1559 2693 liberando
1581 2655 1609 2692 O
1633 2652 1781 2690 miseri!

1008 2705 1053 2739 Et
1070 2705 1147 2739 Rex
1166 2704 1402 2750 Judaeorum,
1424 2703 1461 2740 id
1477 2706 1534 2741 est
1551 2700 1787 2739 credentium

1009 2751 1044 2787 in
1061 2752 1177 2787 Deum
1200 2762 1362 2798 eumque
1383 2733 1649 2788 confitentium
1669 2751 1737 2791 est,
1752 2750 1790 2783 et

1010 2809 1049 2835 se
1077 2799 1221 2836 salvum
1248 2800 1403 2845 faceret,
1429 2799 1474 2835 de
1502 2807 1611 2834 cruce
1632 2797 1789 2832 descen-
