1924 3157
176 199 242 230 350

324 276 508 303 nnxnmcu
538 275 817 301 ECCLESIASTICA.

179 334 357 379 Beneficia
374 335 606 379 appetentes,
624 342 702 368 non
718 330 856 372 vocati.
877 342 963 379 quo-

229 381 340 417 modo
361 384 531 427 peccent.

225 478 286 511 tur
312 473 575 510 affectionibus
599 473 813 510 carnahbus
835 476 871 509 et
894 472 961 519 ipsi

227 525 398 568 peccant.
825 519 873 562 ΙΙ,
899 523 962 567 176

181 568 456 614 Item,peccant
472 567 533 614 qui
548 567 723 614 indignos
739 572 963 614 promovent
995 568 997 614 l

228 615 276 651 ad
309 616 492 661 beneficia,
525 626 594 651 nec
626 614 843 662 ignorantia
868 614 962 650 tales

229 665 392 699 excusat.
684 661 734 706 ΙΙ,
754 677 815 708 177
835 665 867 696 et
882 672 960 707 seq.

180 711 357 754 Beneficia
399 708 653 746 ecclesiastica
696 710 805 754 plura
846 708 962 743 habe-

227 767 282 800 re,
299 758 389 802 quot
403 756 537 792 afferat
550 755 803 792 incommoda.
821 754 871 798 ΙΙ,
896 769 959 802 179

182 803 358 850 Exempla
391 813 520 840 eorum
557 803 621 850 qui
659 803 730 839 hac
767 803 813 838 de
847 812 960 837 causa
993 825 994 845 3

178 897 286 941 Item,
309 897 503 933 sententiae
525 848 958 934 Scholasticoruri1liirit7i5-³
992 891 993 909 ³

228 851 395 886 damnati
418 856 518 886 sunt.

225 955 385 990 quorum
401 945 649 980 asserentium
663 945 773 990 plura
789 944 958 988 beneficia

225 990 477 1027 ecclesiastica
511 991 590 1026 sine
622 992 771 1027 mortali
802 993 956 1034 peccato

224 1048 300 1074 nou
322 1048 429 1084 posse
448 1037 618 1074 retineri.
822 1036 873 1082 ΙΙ,
894 1052 957 1084 179

175 1085 230 1121 An
262 1085 364 1131 Papa
394 1084 511 1131 possit
545 1085 777 1130 dispensare,
803 1088 846 1120 ut
875 1084 957 1130 quis

221 1131 329 1178 plura
352 1133 520 1177 beneficia
536 1132 688 1168 habeat.
814 1130 865 1176 ΙΙ,
891 1146 955 1178 179

179 1180 437 1224 Beneficiorum
482 1189 720 1225 possessores
768 1179 956 1224 quomodo

225 1227 271 1262 ad
296 1225 539 1262 residentiam
558 1229 769 1262 teneantur.
816 1225 865 1269 ΙΙ,
893 1228 957 1262 180

175 1275 431 1318 Beneficiorum
453 1273 634 1309 fructibus
654 1274 756 1309 abuti
781 1272 826 1308 ad
846 1282 953 1318 pom-

221 1331 308 1367 pam
331 1324 367 1355 et
387 1321 514 1356 luxum
535 1331 646 1366 quam
667 1320 714 1356 sit
735 1318 955 1355 detestabile

221 1370 432 1413 peccatum.
814 1366 865 1410 ΙΙ,
891 1369 951 1403 181

171 1415 428 1460 Beneficiorum
463 1423 699 1460 possessores
735 1423 847 1459 quam
881 1413 954 1449 (10-
990 1430 991 1449 1

217 1462 331 1544 {eant
354 1472 433 1498 esse
461 1459 575 1497 alieni
596 1471 619 1498 a
639 1460 727 1497 vitio
752 1460 952 1545 0111·ΙὶῗείΙὲ-

235 1519 280 1546 is.
856 1534 866 1553 ,
889 1522 901 1544 1
935 1521 952 1544 2

452 1582 676 1610 BERNARDUS.

173 1639 210 1676 S.
231 1638 439 1675 Bernardus
456 1638 571 1675 vitam
594 1637 730 1675 Christi
748 1636 952 1685 plurimum

217 1686 483 1732 frequentavit.
787 1684 818 1730 Ι,
836 1688 856 1721 5
879 1689 912 1721 et
931 1689 952 1730 4

170 1734 207 1771 S.
233 1734 414 1770 Bernardi
442 1732 567 1780 poesis
593 1732 640 1769 de
662 1731 951 1826 nomin}V{e5Silli

465 1858 657 1884 BETHANIA.

169 1915 347 1951 Bethania
372 1913 492 1960 qualis
516 1913 633 1957 locus,
657 1913 695 1948 et
719 1911 807 1958 quid
830 1911 952 1948 inter-

215 1964 396 2008 pretetur.
600 1959 631 2006 I,
657 1962 721 2007 169
742 1963 776 1996 et
794 1959 864 2005 ΙΙΙ,
885 1973 952 1996 200

168 2009 309 2055 Duplex
328 2012 384 2044 est
402 2007 592 2044 Bethania.
833 2006 862 2050 I,
887 2010 951 2054 169
985 2021 986 2025 ’

170 2057 211 2091 In
245 2057 461 2092 Bethaniam
495 2065 610 2101 quare
640 2053 750 2090 iverit
785 2054 952 2139 (ffirm'us
984 2076 985 2096 ;

845 2131 856 2145 ,
886 2116 951 2149 109

984 2203 985 2206 ¹
1016 2187 1222 2223 Praesentia
1255 2187 1354 2223 bovis
1384 2186 1423 2222 in
1448 2187 1631 2234 praesepio
1646 2184 1796 2223 Domini

217 2102 316 2140 circa
338 2102 555 2139 Passionem
577 2112 696 2138 suam.

447 2180 669 2206 BETHLEHEM.

169 2236 222 2273 De
240 2235 313 2272 situ
330 2235 549 2272 Bethlehem.
852 2233 885 2278 Ι,
906 2249 950 2281 79

167 2283 372 2320 Bethlehem
394 2283 484 2329 quid
507 2284 787 2329 interpretetur.
850 2280 882 2326 Ι,
905 2285 949 2317 68

168 2331 373 2366 Bethlehem
393 2334 449 2366 est
467 2330 596 2367 civitas
615 2330 776 2366 multum
793 2339 948 2365 venera—

217 2376 304 2413 bilis
323 2378 370 2413 ob
386 2377 564 2425 mysteria
583 2388 666 2425 quae
682 2376 722 2413 in
739 2387 782 2412 ea
799 2379 951 2422 peracta

214 2427 314 2460 sunt.
477 2441 480 2444 >
734 2423 765 2468 Ι,
787 2426 831 2470 78
852 2426 885 2459 et
904 2439 948 2471 79

169 2472 371 2507 Bethlehem
387 2471 478 2518 quid
490 2471 685 2509 moraliter
697 2475 734 2508 et
745 2470 950 2517 anagogice

217 2517 416 2564 significet.

821 378 857 416 II
898 382 960 415 1—5
996 390 997 415 l

181 429 224 465 In
245 426 483 463 conserendis
506 426 700 472 beneficiis,
723 426 785 479 qui
812 406 963 462 (111011111-
996 430 997 472 g

727 2518 758 2564 I,
783 2532 824 2565 71
849 2522 882 2554 et
905 2521 949 2564 76
979 2554 981 2558 ⁴

678 195 818 229 INDEX
856 195 1102 230 GENEltALlS
1138 194 1302 230 RERUM-

1301 272 1524 299 nni-amnes.

995 309 996 316 ἵ
1023 329 1233 375 Bethphaqe
1256 326 1376 373 qualis
1395 327 1501 364 loeus
1512 326 1639 373 fuerit,
1658 330 1695 364 et
1712 326 1804 375 quid

1072 376 1356 424 interpretetur.
1643 373 1713 421 ΙΙΙ,
1738 377 1803 412 168

1306 450 1519 477 perusium.

1024 506 1227 544 Bethsaidae
1263 505 1356 543 situs
1382 505 1445 543 ubi
1475 504 1578 542 stetit
1607 505 1803 544 Dominus.

1653 552 1724 600 III,
1739 567 1805 601 227

1277 629 1546 657 BLASPHEMARE.

1023 685 1279 731 Blasphemare
1298 684 1388 730 quid
1406 684 1466 719 sit.
1691 681 1742 728 ΙΙ,
1763 696 1806 720 22

1023 734 1320 778 Blasphemantes
1341 730 1538 777 tripliciter
1559 729 1599 767 in
1619 732 1697 766 tres
1718 740 1806 777 per-

1071 790 1182 816 sonas
1203 779 1363 816 divinas,
1663 776 1716 822 ΙΙ,
1739 781 1806 822 214

1296 872 1530 897 BLASPHEMIA·

1020 930 1253 976 Blasphemia
1274 929 1362 974 quid
1386 928 1445 964 sit.
1668 928 1719 973 ΙΙ,
1736 933 1804 974 214

1020 978 1255 1022 Blasphemia
1286 977 1323 1012 in
1359 977 1477 1012 Deum
1513 974 1642 1012 multis
1678 977 1802 1013 modis

1069 1023 1251 1059 committi
1271 1026 1408 1069 potest.
1668 1021 1717 1066 II,
1733 1027 1800 1060 312

1021 1070 1241 1107 Differentia
1261 1070 1361 1106 inter
1386 1070 1649 1117 blasphemiam
1669 1073 1707 1106 et
1726 1070 1804 1116 spi-

1067 1118 1180 1153 ritum
1203 1118 1447 1163 blasphemiae.
1665 1116 1716 1162 II,
1737 1121 1804 1162 214

1021 1167 1082 1201 Est
1109 1164 1223 1201 etiam
1249 1175 1367 1211 genus
1396 1165 1626 1211 blasphemiae
1643 1166 1803 1202 sanctos

1068 1212 1133 1249 Dei
1149 1214 1375 1256 vituperare.
1661 1211 1709 1253 ΙΙ,
1732 1214 1800 1248 515

1018 1261 1251 1304 Blasphemia
1270 1262 1505 1305 quantopere
1520 1261 1557 1295 et
1569 1259 1608 1295 in
1622 1259 1800 1295 omnibus

1067 1307 1113 1342 sit
1131 1306 1295 1342 vitanda.
1668 1306 1734 1351 IV,
1757 1309 1803 1350 40

1019 1355 1257 1399 Blasphemiae
1283 1353 1451 1390 Christus
1477 1353 1616 1401 inJuste
1646 1363 1801 1390 accusa-

1065 1405 1139 1437 tur.
1666 1399 1733 1448 IV,
1755 1403 1802 1445 4ο

1339 1481 1474 1507 BONUM.

1014 1537 1152 1572 Bonum
1173 1539 1228 1572 est
1246 1534 1394 1582 triplex.
1675 1533 1708 1580 Ι,
1730 1537 1800 1571 518

1014 1585 1152 1619 Bonum
1174 1593 1285 1619 nemo
1302 1583 1439 1619 invitus
1458 1581 1560 1619 facit.
1681 1582 1733 1624 II,
1756 1585 1800 1618 58

1014 1633 1152 1666 Bonum
1190 1630 1315 1667 minus
1353 1633 1410 1666 est
1443 1628 1692 1666 omittendum
1728 1640 1795 1673 pro

1063 1678 1212 1723 maJ'ori.
1707 1676 1758 1721 II,
1778 1679 1799 1713 8

1014 1727 1194 1761 Bonorum
1212 1724 1478 1771 temporalium
1500 1728 1642 1771 quanta
1662 1723 1710 1760 sit
1729 1734 1794 1760 va-

1063 1772 1174 1816 nitas,
1192 1775 1229 1807 et
1247 1777 1427 1818 quantum
1447 1771 1560 1808 alieni
1580 1772 1627 1808 ab
1646 1770 1692 1807 iis
1713 1781 1797 1807 esse

1065 1820 1258 1856 debemus.
1544 1818 1614 1863 III,
1638 1822 1683 1865 76
1704 1821 1738 1854 et
1753 1833 1795 1865 77

985 1872 986 1896 1
1014 1868 1193 1902 Bonorum
1218 1866 1385 1903 omnium
1408 1876 1536 1903 sumus
1562 1865 1798 1911 dispensato-

1062 1924 1135 1949 res.
1636 1912 1705 1956 ΙΙΙ,
1729 1915 1797 1960 289

1014 1962 1114 1997 Bona
1137 1959 1247 1997 nobis
1273 1971 1296 1996 a
1316 1961 1392 1996 Deo
1420 1959 1617 1996 commissa
1643 1959 1682 1995 in
1707 1969 1796 2006 pro-

1063 2007 1152 2043 ximi
1184 2008 1384 2044 utilitatem
1415 2008 1603 2054 quomodo
1631 2016 1796 2052 erogan-

1064 2056 1112 2091 da
1133 2058 1231 2092 sunt.
1639 2053 1708 2096 111,
1727 2057 1794 2091 505

1365 2133 1444 2159 BOS.

1063 2235 1252 2270 nascentis
1273 2235 1361 2280 quid
1385 2233 1585 2279 significet.
1694 2232 1726 2277 Ι,
1749 2245 1793 2279 72

1015 2283 1142 2318 Bovem
1155 2286 1191 2318 et
1205 2281 1273 2328 ipsi
1285 2280 1407 2318 Judaei
1416 2280 1572 2317 sabbato
1585 2280 1794 2325 solvebant,

1063 2333 1099 2365 et
1117 2329 1308 2374 adaquare
1329 2328 1530 2365 ducebant.
1656 2327 1707 2372 ΙΙ,
1728 2329 1795 2374 259

1013 2377 1109 2422 Juga
1131 2377 1234 2412 boum
1253 2376 1416 2422 quinque
1435 2379 1604 2412 ementes
1621 2385 1715 2422 quos
1733 2374 1794 2410 de-

1061 2424 1223 2469 signent.
1651 2421 1701 2467 ΙΙ,
1725 2434 1793 2467 270

1015 2471 1109 2516 Quid
1134 2470 1257 2517 signet
1283 2470 1415 2519 eJ‘ectio
1442 2471 1546 2508 boum
1566 2470 1612 2507 de
1632 2467 1791 2554 {Ieffnplm

1694 2543 1703 2562 ‚
1728 2529 1790 2562 191
