1924 3157
166 182 223 216 134

163 250 218 286 lus
238 249 354 288 miser
372 250 487 286 homo
514 259 590 285 non
610 251 841 297 compatitur
861 263 930 300 pro

163 308 236 343 quo
259 298 338 334 solo
359 296 527 333 Christus
547 295 700 342 patitur.
731 310 749 332 »
771 299 876 336 Unde
898 304 934 337 et

160 346 370 381 Bernardus
404 357 414 379 ε
455 359 470 375 «
494 343 672 380 Ascendit
699 345 867 383 Christus
893 349 931 383 in

160 392 292 436 altum,
310 395 349 427 ut
369 391 415 427 ab
432 390 607 427 omnibus
619 392 833 438 videretur;
856 395 932 430 alta

157 444 195 475 et
209 449 342 484 magna
355 448 445 474 voce
455 437 642 483 clamavit,
655 442 690 475 ut
701 440 747 476 ab
757 450 815 476 om
825 441 932 478 uilius

158 486 352 522 audiretur
368 496 377 529 3
401 485 553 521 clamori
572 485 700 522 fletum
718 487 929 532 admiscuit,

159 535 199 568 nt
220 533 333 568 homo
355 535 646 578 compateretur.
672 533 740 577 Qui
762 535 810 571 ad
835 536 931 571 hanc

158 590 288 616 vocem
308 590 384 616 non
405 578 632 624 concutitur,
658 583 762 617 terra
780 582 931 627 gravior

159 629 230 671 est,
262 629 370 672 petra
404 625 548 671 durior,
589 627 788 674 sepulchro
824 629 930 665 soeti—

162 672 246 710 dior
263 685 272 710 z
290 687 308 706 »
331 674 411 710 haec
422 674 644 711 Rerum-dus.

211 735 251 757 10
273 722 398 757 Donon
418 732 612 766 tintinnum,
638 733 839 759 PRAESERTIM
860 724 929 759 BE-

158 780 234 805 A'rAE
254 770 381 805 MAmAE
410 770 586 804 Vmomis.
609 790 655 794 —
677 771 794 805 Erant
813 774 931 806 autem

158 816 213 851 ibi
242 815 289 851 ad
319 815 593 852 associandum.
616 816 664 852 ad
686 817 932 853 consideran-

161 863 264 905 dum,
287 862 334 899 ad
368 862 673 908 compatiendum
703 874 786 900 cum
814 868 932 900 matre

157 909 321 954 Domini,
353 911 521 946 Joannes
559 913 597 945 et
633 911 868 955 Magdalena‚
897 913 934 947 et

160 957 243 993 duae
265 967 415 992 sorores
437 955 621 999 Dominae,
646 958 791 993 scilicet
812 957 930 994 Maria

158 1003 334 1050 Cleophae
355 1006 391 1039 et
412 1004 528 1038 Maria
547 1004 709 1048 salome,
739 1009 777 1040 et
795 1008 935 1051 praeter

157 1050 262 1093 istas,
288 1060 370 1096 quae
403 1049 631 1096 principales
661 1055 784 1096 erant,
820 1052 934 1088 etiam

154 1098 326 1133 mulieres
343 1098 468 1133 multae
489 1097 574 1134 aliae
593 1109 616 1133 a
638 1099 742 1142 lonae
770 1102 930 1141 stantes,

154 1147 192 1181 et
212 1146 430 1191 aspicientes
445 1155 488 1181 ac
505 1145 667 1181 videntes
686 1147 770 1190 haec,
792 1157 875 1193 quae
894 1146 935 1183 fi-

155 1191 283 1236 ebant,
313 1203 393 1238 quae
413 1195 541 1228 secutae
558 1203 637 1228 eum
659 1197 762 1229 erant
780 1205 802 1229 a
824 1195 935 1231 Gali-

157 1240 238 1284 laea,
268 1249 309 1275 ex
330 1238 529 1275 devotione
552 1249 665 1286 quam
693 1241 740 1276 ad
765 1242 933 1277 audien-

156 1286 244 1323 dum
283 1286 440 1322 verbum
479 1287 561 1333 eJ'us
600 1287 806 1333 habebant,
828 1291 935 1325 minz·-

116 1372 119 1374 ,
157 1336 315 1369 strantes
329 1335 362 1369 ei
378 1335 591 1370 necessaria
602 1334 687 1370 vitae
703 1336 747 1369 de
760 1337 934 1372 substan—

157 1379 207 1417 tia
228 1391 309 1425 sua,
328 1384 366 1416 ut
381 1383 541 1416 meteret
559 1392 690 1417 eorum
708 1384 932 1429 corporalia,

158 1428 262 1474 cujus
287 1427 360 1463 illae
382 1428 575 1463 metebant
593 1427 818 1474 spiritualia.
841 1431 935 1466 Con-

160 1474 371 1511 suetudinis
390 1474 488 1510 enim
504 1474 670 1511 Judaieae
686 1477 768 1520 luit,
788 1480 829 1512 ut
849 1487 933 1513 mu-

161 1521 273 1558 lieres
310 1523 356 1557 de
383 1521 591 1558 substantia
623 1533 690 1559 sua
722 1523 860 1560 victum
896 1529 934 1560 et

163 1568 338 1605 vestitum
355 1569 666 1615 praedicatoribus
681 1573 717 1606 et
729 1574 935 1617 praei-epto—

164 1615 266 1652 ribus
301 1616 376 1652 suis
402 1615 684 1661 ministrarent;
706 1622 741 1653 et
765 1618 803 1653 in
837 1618 931 1659 aliis,

161 1667 202 1699 ut
217 1664 254 1698 in
275 1665 552 1709 praeparatione
573 1663 658 1709 cibi,
673 1669 709 1700 et
729 1663 765 1700 in
792 1665 932 1702 lotione

165 1709 320 1746 vestium
348 1710 545 1754 servirent,
569 1712 667 1757 quod
696 1717 732 1747 et
752 1713 932 1749 Dominus

163 1758 307 1804 accepit
334 1770 341 1794 z
364 1761 405 1793 ut
426 1758 635 1804 exemplum
658 1758 763 1795 daret
780 1764 932 1806 Aposto-

162 1804 221 1849 lis,
257 1815 387 1840 eorum
415 1807 613 1841 consulens
644 1805 869 1851 infirmitati,
895 1812 934 1843 et

162 1856 201 1888 ut
231 1851 434 1898 Evangelio
474 1852 595 1893 mauis
631 1858 822 1890 vacarent.
858 1856 932 1890 Nec

161 1901 248 1934 tunc
269 1900 340 1935 hoc
355 1899 571 1935 scandalam
585 1903 686 1944 erat;
709 1901 848 1937 Paulus
870 1912 931 1938 au-

158 1948 233 1981 tem
258 1946 554 1992 supererogavit,
580 1946 643 1992 qui
669 1958 752 1984 cum
776 1949 933 1985 haberet

157 1997 383 2040 potestatem
417 1994 722 2030 circumducendi
752 1996 931 2032 mulieres

160 2039 258 2076 sicut
292 2040 368 2082 alii,
406 2051 482 2076 non
515 2046 641 2077 tamen
676 2053 761 2078 usus
782 2046 840 2079 est
858 2054 930 2080 ea:

159 2090 314 2133 propter
340 2088 718 2134 pseudo-apostolos,
749 2093 787 2125 ut
819 2101 883 2127 eos
910 2101 931 2127 a

157 2135 429 2181 praedicatione
449 2135 673 2181 reprimeret
686 2148 694 2182 3
709 2142 747 2173 et
773 2142 931 2184 propter

157 2181 411 2228 suspicionem
450 2184 732 2229 removendam,
769 2185 931 2222 maxime

155 2227 256 2264 inter
287 2230 466 2271 Gentiles,
492 2229 556 2266 ubi
584 2231 669 2267 talis
696 2236 928 2269 consuetudo

154 2286 231 2311 non
267 2280 360 2321 erat,
388 2280 426 2313 et
457 2276 542 2313 ideo
563 2279 784 2315 scandalum
804 2281 927 2316 facere

153 2326 315 2369 poterat.
339 2323 601 2361 Ministrabant
619 2329 745 2362 autem
768 2327 926 2364 Domino

153 2370 320 2405 carnalia
338 2381 404 2417 pro
432 2372 704 2417 spiritualibus,
731 2385 807 2409 non
826 2375 925 2420 quod

152 2415 340 2461 indigeret
370 2418 550 2455 Dominus
571 2420 767 2464 creaturis,
791 2422 856 2457 sed
887 2427 926 2458 ut

152 2465 368 2517 ostenderet
384 2469 511 2510 typum
527 2469 810 2513 magistrorum,
825 2470 923 2515 quod

151 2515 252 2547 victu
272 2514 385 2557 atque
413 2513 548 2550 vestitu
572 2525 614 2549 ex
637 2515 829 2561 discipulis
851 2517 922 2552 de—

147 2557 282 2594 berent
302 2569 384 2594 esse
403 2560 583 2596 contenti.
609 2562 674 2597 Ubi
705 2564 921 2608 Chrysosto-

148 2615 228 2640 mus
255 2618 265 2640 :
290 2618 307 2638 «
341 2607 406 2641 Hae
432 2610 556 2642 autem
584 2608 761 2646 mulieres
795 2612 920 2647 cousi-

150 2651 346 2705 derabant,
367 2663 450 2698 quae
471 2655 712 2700 gerebantur,
737 2668 820 2703 quae
843 2668 920 2694 ma-

147 2709 245 2735 xime
258 2703 363 2735 erant
376 2701 676 2747 compassibiles3
697 2708 732 2739 et
752 2716 835 2750 quie
859 2716 917 2742 se-

148 2748 359 2792 quebantur
376 2747 650 2794 ministrantes,
666 2762 779 2796 usque
795 2753 842 2788 ad
855 2763 917 2798 pe-

148 2793 267 2830 ricula
286 2794 491 2841 affuerunt,
513 2796 712 2833 maximam
732 2799 916 2836 tortitudi-

1550 127 1555 147 l

612 179 823 216 SECUNDAE
858 182 1017 218 PARTIS
1057 183 1194 217 CAPUT
1231 181 1338 216 LXIV

1013 263 1100 290 nem
1126 250 1383 295 ostendenteS,
1404 249 1493 297 quia
1512 251 1600 288 dum
1627 251 1791 298 discipu-

1015 300 1039 336 li
1079 300 1270 345 fugerunt,
1303 297 1394 343 ipsae
1415 297 1608 335 affuerunt
1628 309 1637 335 t
1660 312 1678 331 »
1707 300 1788 336 haec

1017 348 1302 391 chrysostomus.
1319 344 1347 381 O
1366 345 1528 390 qualiter
1551 349 1642 382 tunc
1659 346 1787 383 anima

1016 393 1147 430 matris
1167 391 1288 428 intimi
1302 391 1444 428 doloris
1460 392 1583 437 gladio
1604 397 1786 439 penetra-

1016 444 1054 477 ta
1079 443 1173 484 erat,
1212 449 1296 475 cum
1324 439 1375 474 sic
1412 449 1609 485 poenosum
1648 440 1785 477 Filium

1016 488 1192 530 deficere,
1214 486 1407 532 languere,
1420 486 1634 532 lacrymari,
1650 487 1789 525 clama-

1016 546 1070 579 re,
1092 537 1128 570 et
1147 533 1256 578 mori,
1278 537 1315 569 et
1334 543 1374 569 se
1400 532 1439 569 in
1460 534 1598 569 mundo
1621 533 1787 571 derelin-

1016 582 1077 628 qui
1095 582 1134 617 in
1154 583 1257 618 tanto
1270 580 1400 616 dolore
1416 583 1453 616 et
1468 581 1655 616 anxietate
1675 580 1781 618 vide·

1015 629 1099 665 batl
1124 630 1167 664 Et
1194 627 1358 674 qualiter
1375 627 1565 671 clamavit,
1593 627 1624 663 si
1654 630 1785 665 tamen

1014 676 1116 723 loqui
1137 677 1346 722 poterat‚et
1365 674 1455 710 dixit
1474 685 1483 710 t
1501 674 1529 711 O
1548 673 1685 710 Fili'r'ni
1709 675 1791 712 dul·

1015 723 1177 768 cissime,
1190 722 1279 769 quid
1291 721 1424 758 faciam
1434 732 1503 768 ego
1519 721 1762 759 moestissima
1775 722 1793 759 ‘t

1015 769 1082 806 Cui
1111 780 1170 806 me
1196 771 1375 806 miseram
1405 769 1710 806 commendatam
1731 769 1789 806 di-

1016 817 1162 853 mittis?
1194 816 1262 853 Fili
1305 816 1371 860 mi,
1399 819 1587 853 memento
1623 817 1710 862 mei,
1753 821 1790 853 et

1017 863 1140 900 omnis
1172 863 1324 900 familiae
1355 867 1444 908 tuae,
1464 874 1577 909 quam
1599 863 1652 900 ita
1671 864 1789 900 deso—

1017 911 1130 947 latam
1158 911 1363 956 relinquis;
1385 915 1572 946 memento
1593 910 1705 946 etiam
1725 912 1791 947 ho-

1018 960 1173 1001 miuum,
1193 957 1255 1004 qui
1285 957 1499 993 servierunt
1524 957 1604 994 tibi.
1628 957 1697 993 Fili
1722 958 1788 1003 mi,

1019 1009 1054 1041 et
1080 1015 1148 1050 ego
1166 1004 1204 1040 in
1230 1014 1363 1040 manus
1393 1007 1489 1049 tuas,
1519 1008 1555 1040 et
1591 1005 1713 1041 Patris
1737 1005 1789 1042 tui

1018 1052 1241 1094 commendo
1260 1051 1457 1098 meipsam,
1479 1054 1518 1088 et
1535 1054 1652 1088 totam
1667 1053 1790 1090 Eccle-

1018 1100 1111 1136 siam
1137 1103 1319 1135 nostram.
1342 1100 1371 1135 Ο
1391 1099 1504 1135 Pater
1522 1105 1664 1144 sancte,
1691 1101 1790 1136 Deus

1018 1147 1271 1192 omnipotens,
1294 1148 1332 1182 in
1345 1156 1480 1182 manus
1498 1151 1581 1182 tuas
1602 1157 1789 1183 commen-

1017 1194 1064 1230 do
1082 1194 1217 1230 Filium
1234 1203 1371 1234 meum,
1389 1192 1464 1229 imo
1483 1194 1684 1230 Dominum
1707 1205 1788 1230 me-

1017 1251 1093 1286 um,
1115 1244 1152 1277 et
1174 1240 1307 1277 Filium
1328 1246 1447 1277 tuum.
1468 1242 1554 1277 Jam
1574 1241 1674 1277 enim
1691 1241 1787 1278 defi-

1017 1290 1088 1332 cio,
1109 1292 1146 1324 et
1165 1291 1253 1324 ante
1286 1288 1422 1324 Filium
1453 1298 1592 1330 meum,
1627 1287 1668 1324 in
1707 1289 1788 1335 ejus

1018 1339 1219 1382 conspectu
1230 1335 1327 1371 mori
1341 1335 1635 1372 desiderosl‘alia
1644 1334 1787 1381 dicens,

1018 1387 1163 1419 aestimo
1202 1383 1302 1428 quod
1337 1386 1489 1429 propter
1526 1384 1786 1428 angustiarum

1017 1429 1296 1466 multitudinem
1321 1429 1380 1465 vel
1416 1430 1596 1476 absorpta
1631 1433 1726 1475 erat,
1749 1434 1788 1467 et

1017 1479 1123 1523 quasi
1141 1475 1381 1521 insensibilis,
1395 1477 1453 1512 vel
1469 1476 1716 1514 semimortua
1735 1477 1787 1514 fa-

1017 1530 1094 1568 cta3
1119 1527 1155 1560 et
1178 1524 1277 1570 quod
1293 1534 1333 1560 se
1352 1523 1538 1560 sustinere
1549 1534 1626 1560 non
1643 1524 1787 1572 valens,

1016 1571 1158 1607 corruit
1174 1571 1355 1607 infaciem
1375 1581 1481 1607 suam
1501 1581 1613 1617 super
1630 1578 1785 1609 terram.

1016 1619 1144 1655 Nullus
1168 1618 1271 1654 enim
1293 1617 1459 1664 cogitare
1479 1623 1545 1655 aut
1561 1620 1685 1655 dicere
1703 1629 1788 1666 pos-

1014 1671 1083 1710 set,
1107 1669 1247 1712 quanta
1287 1665 1468 1702 moestitia
1509 1665 1716 1713 patientem
1751 1671 1789 1703 et

1016 1713 1239 1749 morientem
1269 1712 1514 1759 suspiraverit
1547 1717 1584 1749 et
1605 1713 1786 1759 doluerit,

1015 1764 1116 1796 unde
1137 1760 1219 1805 ipsa
1239 1761 1447 1796 sustinebat
1475 1760 1573 1796 intus
1596 1761 1695 1806 quod
1718 1760 1786 1797 Fi—

1015 1807 1086 1843 lius
1111 1807 1194 1843 tulit
1224 1807 1328 1843 foris.
1358 1807 1455 1850 Quid
1490 1811 1578 1843 tunc
1615 1808 1784 1844 Joaunes

1016 1855 1227 1901 specialiter
1260 1866 1281 1890 a
1316 1854 1462 1890 Christo
1498 1853 1669 1899 dilectus,
1695 1854 1786 1901 quid

1015 1903 1234 1948 Magdalena
1249 1901 1368 1937 tidelis
1383 1905 1418 1938 et
1432 1901 1570 1938 dilecta
1587 1901 1784 1949 discipula,

1014 1950 1149 1995 quidve
1181 1959 1330 1985 sorores
1364 1948 1533 1985 Dominae
1562 1949 1786 1986 faciebant?

1015 1998 1085 2033 Sed
1110 1996 1197 2042 quid
1227 1997 1350 2032 facere
1386 1995 1592 2043 poterant?
1617 1997 1784 2042 Repletae

1013 2047 1120 2080 erant
1140 2043 1406 2089 amaritudine,
1427 2044 1622 2090 completae
1643 2044 1784 2080 dolori-

1013 2092 1097 2136 bus,
1120 2091 1317 2133 inebriata>
1341 2092 1555 2138 absynthio,
1581 2094 1618 2127 et
1640 2091 1784 2128 intole-

1012 2138 1182 2175 rabiliter
1202 2140 1355 2175 ssebant.
1379 2139 1407 2175 Ο
1426 2138 1634 2183 carissime,
1659 2139 1784 2184 cogita

1013 2191 1048 2223 et
1069 2187 1265 2222 considera
1283 2189 1424 2233 quanto
1442 2186 1572 2222 dolore
1587 2189 1625 2222 et
1638 2186 1783 2232 eJulatu

1012 2244 1144 2270 omnes
1180 2233 1291 2270 amici
1318 2234 1397 2279 ejus
1433 2234 1647 2279 plorabant,
1692 2233 1782 2280 quia

1012 2281 1123 2317 etiam
1145 2281 1185 2317 hi
1211 2281 1275 2326 qui
1295 2280 1364 2317 sibi
1387 2280 1479 2316 nihil
1498 2281 1724 2327 attinebant,
1743 2284 1781 2318 et

1011 2339 1093 2366 eum
1117 2339 1160 2365 eo
1174 2328 1264 2364 nihil
1278 2328 1418 2364 habere
1436 2327 1676 2373 videbantur,
1688 2328 1781 2364 mul·

1009 2380 1086 2412 tum
1106 2376 1284 2412 dolebant
1304 2386 1312 2411 :
1335 2374 1432 2411 sicut
1453 2374 1631 2411 Centurio
1657 2380 1696 2411 et
1715 2375 1777 2412 alii

1010 2423 1161 2468 milites,
1183 2423 1245 2469 qui
1281 2425 1408 2459 Jesum
1444 2422 1719 2466 crucifixerant,
1742 2426 1780 2459 et

1007 2480 1106 2514 eum,
1128 2480 1322 2516 quousque
1350 2469 1569 2516 expirasset,
1590 2469 1776 2506 custodie-

1006 2518 1107 2553 bant.
1134 2521 1181 2553 Et
1215 2520 1330 2553 omnis
1354 2518 1461 2553 turba
1487 2528 1608 2552 eorum
1639 2518 1704 2562 qui
1728 2517 1778 2553 ad

1006 2564 1207 2600 videndum
1223 2566 1469 2611 spectaculum
1483 2565 1583 2600 istud
1595 2573 1777 2599 convene-

1007 2616 1104 2656 rant,
1137 2616 1174 2648 et
1207 2614 1317 2648 simul
1340 2613 1508 2653 aderant,
1529 2614 1563 2646 et
1596 2610 1774 2648 videbant

1004 2669 1082 2704 quae
1107 2661 1255 2704 fiebant,
1283 2659 1345 2705 qui
1369 2663 1518 2705 pectora
1549 2667 1627 2702 sua,
1651 2657 1689 2693 in
1723 2658 1773 2694 si-

1002 2716 1117 2752 gnum
1139 2706 1370 2753 poenitentiae
1393 2710 1429 2742 et
1451 2706 1587 2749 luem,
1607 2708 1773 2751 percuti-

1001 2756 1110 2799 entes,
1129 2764 1214 2790 cuin
1231 2754 1379 2790 silentio
1398 2753 1685 2797 revertebantur,
1707 2753 1770 2789 do·

1002 2800 1121 2836 lentes
1160 2801 1206 2837 de
1261 2801 1395 2838 Christi
1437 2799 1695 2845 persecutione
1734 2803 1771 2836 et

1824 1458 1836 1517 ux„
1826 1332 1831 1404 »-
