1924 3157
271 159 322 192 DE
359 159 532 195 SGIthT.
572 159 801 195 EVANGEL..
840 159 889 192 Ac
928 158 1046 192 FIDEI
1086 158 1184 191 FINE
1224 157 1274 190 ET
1313 155 1573 190 UTlLiTATE.
1702 153 1766 187 *259

177 240 220 265 20
254 229 492 264 Asccxsioxis
525 230 657 265 Domxi
682 239 834 264 sionna-3.
863 246 907 253 —
984 236 1107 261 annos
1127 224 1314 272 quaesivit,
1337 228 1373 260 et
1395 224 1432 260 in
1454 226 1600 259 tantum
1621 234 1660 260 se
1683 224 1763 260 sati-

128 274 306 311 Ascensio
328 275 474 312 Domini
497 276 586 312 oiim
608 276 645 312 in
673 276 772 312 scala
793 274 908 312 Jacob
984 275 1082 317 gavit
1101 275 1198 318 quod
1222 273 1267 308 de
1289 275 1366 308 loto
1387 281 1545 318 corpore
1563 281 1630 307 suo
1651 272 1767 308 sudor

125 322 370 368 praefigurata
391 323 471 365 fuit,
491 335 574 370 quae
591 334 663 360 una
674 322 909 360 extremitate
984 320 1179 365 sanguinis
1201 319 1401 356 emanavit.
1424 321 1618 355 Inventam
1638 323 1766 355 autem

127 371 283 413 terram,
311 375 347 406 et
379 370 453 406 alia
484 372 617 407 coelum
656 371 848 415 tangebat,
873 372 910 405 et
985 378 1091 403 ovem
1113 378 1226 413 super
1249 368 1427 403 humeros
1455 365 1594 412 posuit,
1617 370 1653 402 et
1674 377 1769 413 pnr—

125 416 260 463 Angeli
285 427 350 462 per
370 427 453 454 eam
482 418 776 462 descendebant,
802 421 838 453 et
860 427 908 452 a-
984 414 1089 458 tavit,
1129 415 1280 461 quando
1314 424 1461 450 crucem
1501 424 1566 459 pro
1607 413 1772 459 peccatis

125 464 377 508 scendebant;
401 464 454 501 sic
473 465 644 501 Christus
665 466 710 502 de
734 465 829 501 coeio
848 464 908 500 de·
987 461 1126 498 nostris
1165 461 1326 508 propriis
1359 460 1527 498 humeris
1565 461 1768 507 bajulaviu

125 511 286 555 scendit,
308 515 345 548 et
364 514 588 556 reascendit,
609 513 758 559 quando
777 511 908 547 coeles-
986 509 1128 546 amicos
1150 509 1198 545 ad
1219 508 1559 553 congratulandum
1581 507 1650 545 sibi
1673 508 1770 544 invi-

124 557 192 602 tia,
207 562 243 595 et
260 561 454 596 terrestria
466 559 638 596 revenire
653 559 780 595 voluit.
795 560 910 605 Opor-
986 557 1092 602 tavit,
1117 557 1269 602 quando
1291 565 1376 591 cum
1397 555 1549 591 homine
1585 555 1772 600 ascendit,

127 606 233 642 tebat
251 606 351 642 enim
373 607 472 652 quod
494 607 681 643 mediator
703 605 766 643 Dei
788 609 823 641 et
844 607 909 642 ho·
987 608 1025 641 et
1062 613 1213 640 omnem
1247 602 1331 639 eceli
1366 603 1508 638 curiam
1549 602 1769 640 laetisicavit.

126 652 271 689 minum
294 655 390 689 Deus
411 658 448 689 et
469 655 581 690 homo
600 657 709 698 esset,
730 653 818 700 quia
837 653 907 689 ali·
987 672 1032 678 —
1054 653 1140 687 Haec
1166 650 1280 687 etiam
1307 649 1478 686 ascensio
1508 649 1655 686 Domini
1680 650 1771 686 otim

126 705 186 737 ter
207 710 335 746 pacem
364 700 466 736 inter
487 702 604 738 Denm
641 705 677 737 et
717 701 910 737 hominem
990 699 1058 736 i'uit
1079 699 1116 734 in
1137 697 1383 734 translatione
1404 698 1491 732 Elia}
1510 698 1768 743 praetigurata.

127 747 336 784 reformare
353 758 426 784 non
447 752 600 793 possem
621 749 720 784 Deus
740 748 840 784 enim
861 748 912 784 al·
988 746 1088 783 Elias
1112 748 1245 792 Legem
1271 744 1337 781 Dei
1365 744 1403 780 in
1427 744 1558 781 Judaea
1579 744 1771 790 praedica-

128 793 298 831 tissimus
323 800 394 838 est,
427 800 464 831 et
491 797 602 832 homo
631 795 786 832 infimus
809 800 910 841 erat;
989 794 1054 839 vit,
1075 797 1112 830 et
1131 797 1436 839 transgressores
1459 793 1568 838 Legis
1590 792 1771 829 audacter

129 845 167 878 et
185 841 270 878 ideo
295 841 465 878 Christus
492 842 592 879 inter
615 844 752 879 coelum
779 847 817 879 et
837 847 911 879 ter·
944 844 947 868 ¹
989 841 1378 888 increpavit,propter
1389 840 1488 885 quod
1502 849 1678 885 magnam
1693 851 1771 876 sus-

130 899 214 926 ram
240 890 379 926 scalam
398 890 572 927 faciebat.
590 890 829 927 Descendunt
846 901 912 927 au·
989 888 1101 925 tinuit
1128 900 1150 925 a
1178 888 1320 924 Judaeis
1354 886 1670 934 persecutionem,
1706 887 1773 923 sed

125 940 203 974 tem
223 937 357 983 Angeli
378 948 445 984 per
471 937 588 981 illam,
612 939 720 975 nobis
752 939 913 984 gratiam
989 937 1091 983 apud
1103 938 1218 973 Deum
1229 934 1775 980 meruitinparadisumtrans·

128 985 389 1031 apportando;
412 988 449 1021 et
474 986 738 1029 reascendunt,
767 985 914 1022 animas
990 983 1195 1027 lationem;
1218 983 1269 1020 ita
1283 982 1451 1020 Christus
1466 981 1504 1017 in
1522 982 1654 1018 Judaea
1673 984 1773 1019 viam

129 1032 330 1069 nostrasin
342 1032 793 1080 coelumreportando.-
811 1035 915 1069 Hanc
991 1031 1159 1068 veritatis
1180 1030 1321 1075 docuit,
1344 1034 1381 1066 et
1403 1035 1556 1076 propter
1578 1030 1649 1065 hoc
1669 1040 1692 1066 a
1710 1031 1774 1066 Ju-

131 1077 245 1116 etiam
272 1081 530 1117 ascensionem
564 1080 734 1118 Christus
764 1091 912 1127 praeno-
989 1079 1082 1115 daeis
1104 1080 1241 1114 multas
1261 1076 1547 1124 persecutiones
1568 1076 1773 1112 sustinuit:

125 1126 234 1171 tavit,
257 1127 410 1173 quando
431 1128 650 1174 parabolam
679 1128 726 1164 de
752 1139 825 1164 nna
844 1138 914 1164 ove
986 1130 1138 1172 propter
1163 1126 1260 1171 quod
1282 1129 1316 1160 et
1333 1127 1426 1160 Deus
1451 1124 1633 1159 emanavit
1661 1125 1768 1160 illum

125 1184 170 1210 ex
190 1178 340 1211 centum
362 1175 511 1221 perdita
537 1181 573 1212 et
594 1175 746 1211 inventa
767 1175 912 1222 praedi-
989 1184 1102 1220 super
1116 1183 1247 1209 omnes
1262 1172 1447 1216 coelos‚et‚
1461 1171 1613 1206 donavit
1629 1172 1689 1206 illi
1709 1182 1774 1207 no-

127 1222 238 1258 cavit.
260 1221 347 1259 Ovis
384 1234 457 1259 nna
495 1223 643 1270 perdita
679 1226 736 1259 est
763 1223 913 1269 qnando
989 1232 1069 1257 men
1086 1220 1183 1266 quod
1211 1223 1264 1256 est
1291 1230 1402 1265 supet·
1417 1229 1519 1255 omne
1542 1229 1684 1260 nomen,
1701 1222 1772 1255 etc.

132 1269 351 1306 mandatum
367 1269 431 1306 Dei
443 1275 701 1318 transgressus
716 1274 770 1307 est
785 1282 794 1314 ;
814 1272 913 1307 Deus
988 1269 1160 1315 oportuit
1173 1267 1272 1304 enim
1290 1269 1374 1314 pati
1388 1268 1585 1310 Christum,
1609 1269 1643 1302 et
1653 1268 1707 1302 ita
1719 1268 1772 1302 in-

131 1320 258 1353 autem
282 1317 491 1364 nonaginta
511 1329 662 1362 novem,
682 1317 720 1354 id
747 1322 804 1354 est
835 1328 913 1354 no-
990 1320 1089 1352 trare
1112 1318 1150 1351 in
1170 1316 1327 1360 ¹qloriczm
1346 1326 1475 1358 suam;
1499 1318 1537 1350 et
1557 1313 1677 1350 multo
1692 1325 1771 1350 ma-

129 1374 213 1400 vem
240 1365 376 1401 choros
402 1366 630 1411 Angelorum
662 1365 700 1401 in
733 1366 829 1401 ccelo
851 1365 908 1401 di·
989 1363 1046 1410 gis
1070 1367 1219 1410 oportet
1239 1373 1310 1398 nos
1338 1361 1509 1399 miserias
1532 1364 1568 1397 et
1596 1361 1771 1398 afflictio-

130 1410 246 1453 misit,
269 1415 306 1448 et
325 1412 480 1449 veniens
506 1413 545 1449 in
579 1414 680 1450 hunc
710 1414 911 1459 mundum,
989 1422 1054 1448 nes
1086 1411 1242 1457 hujusce
1262 1411 1394 1447 mundi
1426 1409 1590 1447 tolerare
1615 1413 1772 1456 propter

130 1458 322 1496 hominem
344 1460 534 1507 perditum
561 1471 627 1507 per
650 1460 805 1508 triginta
834 1464 911 1497 tres
988 1458 1104 1495 vitam
1125 1462 1321 1495 aeternam.

875 1586 1047 1624 ORATIO

173 1693 202 1731 Ο
220 1695 326 1739 Jesu‚
351 1704 490 1731 corona
513 1694 662 1738 celsior,
685 1693 749 1741 qui
769 1705 972 1739 resurgens
993 1704 1014 1730 a
1039 1693 1199 1729 mortuis
1219 1692 1267 1730 ad
1290 1690 1414 1728 Patris
1437 1689 1643 1727 ascendisti
1668 1690 1768 1726 dex-

127 1743 263 1785 teram,
283 1743 390 1779 trahe
411 1743 459 1778 ad
478 1745 515 1779 te
537 1746 700 1778 mentem
727 1753 851 1778 meam
871 1746 911 1778 ut
931 1745 968 1778 te
993 1741 1116 1778 solucn
1133 1741 1313 1777 ardenter
1336 1738 1554 1776 desiderem
1575 1741 1612 1774 et
1633 1738 1768 1784 inqui-

126 1798 223 1826 ram.
246 1790 313 1833 Da,
335 1799 478 1835 quaeso,
499 1793 578 1826 toto
599 1789 786 1825 desiderio
816 1799 900 1826 me«)
927 1793 964 1826 et
990 1788 1114 1825 studio
1141 1788 1315 1832 tendere,
1339 1797 1413 1833 quo
1438 1789 1474 1822 te
1494 1785 1606 1821 credo
1631 1795 1768 1821 ascen-

128 1834 252 1880 disse;
273 1836 368 1873 utin
391 1838 566 1883 praesenti
587 1836 739 1884 quidem
759 1836 912 1873 miseria
939 1836 1018 1873 solo
1049 1841 1182 1872 tenear
1202 1845 1378 1880 corpore,
1397 1837 1524 1870 tecum
1544 1836 1673 1869 autem
1694 1833 1768 1868 sim

127 1883 355 1930 cogitatione
373 1888 409 1921 et
427 1884 630 1928 aviditate,
655 1888 695 1920 ut
715 1884 765 1921 ibi
785 1886 832 1920 sit
854 1895 919 1920 cor
940 1893 1082 1927 meum,
1103 1884 1169 1920 ubi
1196 1886 1237 1919 tu
1263 1882 1314 1918 sis
1333 1883 1540 1918 thesaurus
1562 1880 1764 1916 desidera-

129 1929 218 1968 bilis
235 1934 273 1968 et
291 1931 478 1968 amabilis.
501 1933 623 1969 Trahe
644 1943 702 1968 me
721 1937 806 1978 post
826 1935 875 1973 te,
898 1934 938 1968 ut
957 1942 1024 1978 per
1045 1934 1151 1967 tuam
1173 1930 1337 1977 gratiam
1359 1930 1404 1966 de
1425 1930 1563 1965 virtute
1581 1927 1620 1964 in
1643 1927 1763 1964 virtu·

131 1981 208 2016 tem
224 1980 445 2024 ascendens,
461 1983 499 2016 te
525 1981 639 2016 Deum
658 1979 816 2016 deorum
834 1979 963 2017 videre
983 1989 1133 2016 merear
1162 1977 1203 2014 in
1225 1977 1327 2015 Sion.
1349 1979 1483 2014 Amen.

741 2207 924 2254 CAPUT
959 2206 1181 2252 Lxxxin

322 2365 372 2393 DE
405 2365 624 2394 SCRIPTURAE
657 2365 925 2402 EVANGELICAE,
947 2366 998 2393 AC
1023 2365 1128 2393 muel
1164 2364 1254 2393 FINE
1288 2364 1336 2392 ET
1358 2362 1586 2392 UTILITATE.

186 2502 200 2525 ι
224 2488 343 2525 Omma
362 2500 472 2526 men
493 2501 534 2526 ET
555 2501 656 2526 mera
676 2490 820 2528 Cnmsri
839 2501 912 2526 NON
945 2507 947 2539 i
989 2499 1030 2525 se
1056 2491 1094 2524 et
1127 2488 1164 2523 in
1198 2486 1297 2531 aliis,
1329 2492 1406 2524 tam
1447 2486 1592 2524 actibus
1637 2486 1780 2531 cordis,

138 2547 226 2573 som
259 2547 416 2573 semem.
442 2560 483 2565 --
519 2539 684 2574 Joannes
719 2539 771 2574 sic
805 2547 913 2574 suurn
944 2541 948 2561 ¹
988 2546 1101 2583 quan
1121 2534 1197 2570 oris
1217 2538 1255 2571 et
1275 2534 1414 2582 operis,
1441 2539 1529 2572 ante
1569 2545 1682 2571 suam
1707 2535 1780 2570 Re-

137 2583 325 2620 concludit
345 2584 581 2629 evangelium
605 2586 722 2622 :Sunt
737 2589 859 2621 autem
880 2588 913 2620 et
989 2582 1264 2620 surrectionem
1292 2588 1329 2619 et
1363 2586 1445 2628 post
1477 2583 1666 2627 eamdem,
1701 2593 1780 2627 quae

135 2631 214 2684 αζία
233 2632 349 2667 macta
367 2633 473 2679 signa
493 2638 530 2669 et
551 2635 659 2678 t'acta,
681 2632 720 2669 in
742 2632 912 2669 muititu-
945 2651 947 2653 v
988 2642 1067 2677 prae
1088 2630 1326 2667 multitudine
1344 2641 1425 2673 sua,
1444 2641 1516 2667 non
1533 2634 1617 2666 sunt
1639 2632 1779 2676 scripta

136 2677 224 2715 dine
267 2678 635 2726 incomprehensibili
683 2680 907 2723 existentia,
945 2704 947 2709 -
990 2681 1028 2715 in
1049 2677 1144 2715 libro
1172 2678 1257 2715 hoe.
1281 2678 1378 2722 Quae,
1399 2680 1433 2715 si
1472 2679 1681 2715 scribantur
1711 2687 1776 2723 per

135 2731 273 2773 praeter
293 2737 338 2763 ea
360 2738 444 2774 quae
471 2729 517 2765 ab
547 2727 795 2774 Evangetistis
825 2731 911 2764 sunt
946 2750 947 2756 η
989 2726 1152 2771 singula,
1176 2727 1299 2772 quoad
1330 2726 1429 2763 sacta
1456 2723 1715 2773 particularia,
1737 2727 1775 2760 et

138 2773 289 2821 scripta,
310 2785 391 2820 quae
418 2776 506 2830 feeit
534 2777 636 2813 Jesus
662 2775 700 2813 in
729 2779 846 2820 terra,
873 2774 910 2810 in
946 2773 947 2778 ’
991 2773 1227 2810 conditiones
1254 2772 1509 2821 virtutemque
1536 2782 1682 2814 eorum,
1711 2781 1772 2807 nec
