1924 3157
532 94 581 127 ΠΕ
619 95 779 135 SEXTA,
819 94 862 127 IN
902 92 1115 128 PASSIONE
1155 96 1323 131 buitim.
1705 101 1758 134 111

123 173 227 201 mare
261 163 505 210 mysterium;
544 164 610 200 sed
650 163 768 200 solius
801 173 904 199 snm-

127 210 176 248 mi
207 210 414 247 sacerdotis
448 212 519 248 hoc
546 214 627 248 erat
651 210 903 258 prixilegium,

121 262 161 295 ut
187 268 269 294 cum
301 258 484 304 sanguine
518 259 677 295 intraret
707 259 742 294 in
773 261 904 311 sanct-a

122 308 353 343 sanctorum.
383 307 470 343 Ideo
499 318 566 342 nee
591 309 715 342 Beatae
741 305 901 351 Virgini,

121 364 192 390 nee
212 353 369 397 Angelo,
393 365 459 390 nec
477 354 541 390 ulli
561 353 705 390 homini
725 353 845 400 potuit
862 352 901 406 in

119 401 362 448 reparatione
390 401 555 437 bominis
584 412 666 438 esse
692 411 901 453 communis

120 447 345 486 auctoritas.
371 450 410 485 ln
432 450 501 485 boe
523 452 650 485 autem
677 449 900 500 gravissime

120 495 268 542 patitur
294 495 356 542 pia
390 498 522 541 Mater,
556 497 645 542 quia
665 495 766 542 quod
788 494 900 531 Filius

122 543 205 589 eJus
226 554 401 590 corpore,
423 544 504 590 ipsa
529 543 690 579 sustinet
711 543 823 578 corde
848 553 855 578 :
878 556 896 575 »

119 591 202 628 haec
230 591 519 635 Chrysostomus.
543 591 602 634 Et,
625 590 712 636 quia
731 591 897 626 ,Ioannes

119 637 356 674 crucifixioni
391 638 524 679 astitit,
546 637 631 681 ideo
653 647 698 674 ea
720 637 780 673 die
802 638 897 673 Pas-

121 685 176 722 sio
214 685 422 722 secundum
457 685 580 731 ipsum
616 684 768 731 legitur,
810 685 898 721 licet

115 732 230 769 etiam
244 732 379 769 merito
397 737 610 781 postremus
628 732 789 778 legatur,
809 732 897 778 quia

117 783 336 828 postremus
356 779 520 826 scripsit.
544 781 683 816 Omnes
704 779 832 825 igitur.
860 783 897 816 et

115 827 281 864 maxime
308 827 424 864 Maria
452 827 675 873 Magdalena
702 838 769 863 sua
795 828 896 863 dile-

114 879 175 912 cta
198 874 638 922 discipulaveliementer
653 876 808 918 [lebant.
827 886 895 912 nec

114 922 304 959 consolari
339 924 385 959 de
421 933 488 959 suo
510 922 646 958 dilecto
677 923 837 959 Domino
860 927 896 959 et

116 969 299 1015 Magistro
337 973 527 1016 poterant.
561 970 896 1016 Compatirbantur

115 1017 289 1061 Domino,
304 1021 340 1053 et
354 1017 468 1054 etiam
483 1019 652 1054 Dominae
667 1021 702 1053 et
719 1017 895 1054 sibimet-

112 1064 219 1111 ipsis.
257 1065 364 1110 Saepe
399 1066 453 1101 eis
484 1065 591 1100 dolor
623 1067 893 1108 renovabatur,

113 1111 203 1159 quia
227 1122 378 1158 semper
399 1111 530 1149 Passio
555 1112 707 1148 Domini
741 1112 813 1156 sui,
835 1113 893 1149 vel

109 1160 147 1196 in
169 1159 358 1203 convitiis,
382 1161 437 1196 vel
460 1159 499 1196 in
525 1159 648 1202 factis,
668 1160 890 1204 angebatur.

109 1208 269 1245 Stabant
286 1211 407 1243 autem
429 1218 548 1244 omnes
566 1209 645 1242 noti
664 1208 743 1252 eJ'us
764 1219 786 1244 α
806 1209 893 1244 lon-

109 1265 166 1300 qe,
188 1259 222 1292 et
244 1256 415 1291 mulieres
437 1267 517 1301 quae
535 1259 664 1291 secutae
682 1267 761 1292 eum
789 1260 893 1292 erant

110 1305 133 1338 ct
164 1303 335 1345 Galilaea,
367 1304 439 1339 haze
472 1304 649 1345 videntes,
686 1306 723 1339 et
743 1314 766 1340 a
788 1304 891 1340 nullo

109 1350 416 1387 consolabantur.
436 1351 464 1388 Ο
482 1355 631 1397 quantae
647 1361 757 1387 voces
774 1354 812 1387 et
829 1351 894 1387 tri-

113 1401 188 1434 stes
211 1397 377 1435 ululatus
392 1398 706 1435 ibiaudiebantur
725 1399 772 1435 ab
794 1398 890 1435 ami-

115 1446 169 1482 cis
186 1445 286 1482 suisl
321 1446 427 1489 Quod
449 1451 577 1482 autem
611 1447 779 1482 Joannes
799 1446 891 1482 dixit

105 1495 222 1538 Juxta
243 1504 396 1535 crucem.
421 1497 458 1530 et
472 1493 535 1530 alii
556 1493 804 1539 Evangelistae
826 1495 890 1529 di-

108 1544 199 1577 cuut
215 1552 237 1576 a
260 1542 365 1586 lonye
386 1541 563 1578 mulieres
585 1541 746 1585 stetisse,
770 1541 890 1578 intel—

105 1588 299 1634 ligendum
315 1593 381 1630 est,
393 1589 599 1625 secundum
622 1590 888 1635 Auyustimcm,

106 1635 207 1682 quod
220 1647 264 1672 eo
278 1635 476 1673 intervallo
504 1639 611 1672 erant
632 1640 671 1673 ut
695 1648 704 1672 :
727 1637 889 1683 etjuaeta

106 1683 181 1720 dici
210 1687 383 1730 possent,
405 1683 494 1730 quia
515 1685 553 1720 in
583 1688 787 1730 conspectu
805 1685 887 1731 eJus

109 1735 253 1778 praesto
276 1731 449 1775 aderant,
487 1736 524 1767 et
561 1731 614 1767 sic
634 1742 752 1778 prope
785 1733 887 1778 quod

108 1779 225 1816 verba
248 1778 387 1816 Christi
409 1778 541 1815 audire
575 1783 779 1825 poterant;
802 1783 839 1816 et
865 1791 887 1816 a

106 1827 211 1871 lonqe
230 1826 269 1862 in
284 1826 570 1872 comparatione
588 1827 710 1863 turbae
725 1827 885 1874 compri-

104 1873 257 1919 mentis,
284 1874 609 1921 propinquiusque
634 1874 886 1912 circumstan-

106 1921 167 1966 tis,
185 1932 271 1958 cum
287 1922 517 1959 Centurione
533 1926 570 1958 et
587 1921 782 1959 militibus.
804 1923 884 1968 Vel,

105 1973 215 2006 erant
236 1981 258 2005 a
280 1971 398 2014 lonqe,
413 1975 584 2016 respectu
602 1969 763 2006 militum
783 1970 885 2007 Chri-

105 2021 204 2053 stum
217 2017 519 2063 crucifigentium
530 2018 884 2061 etcustodientium,

105 2065 173 2101 sed
191 2074 307 2111 prope
323 2069 492 2111 re-pectu
503 2065 662 2101 aliorum
679 2065 885 2103 astantium

108 2116 144 2148 et
164 2111 456 2159 aspicientium;
478 2111 627 2159 sicergo
637 2118 795 2159 possunt
809 2114 884 2150 dici

105 2160 217 2206 louge
237 2164 274 2196 et
302 2170 419 2207 prope
441 2159 603 2205 stetisse,
637 2161 796 2198 diversis
814 2173 884 2198 re-

106 2207 307 2254 spectibus.
347 2207 428 2252 Vel,
466 2207 588 2254 primo
619 2213 729 2245 erant
766 2220 882 2256 prope

104 2266 270 2300 crucem,
307 2258 344 2292 et
382 2258 466 2302 post
506 2256 882 2294 commendationem

102 2302 230 2339 Matris
253 2302 442 2345 abierunt,
470 2306 510 2340 ut
539 2314 561 2340 a
592 2304 779 2341 densitate
807 2308 881 2341 tnr-

105 2349 160 2386 bie
183 2361 222 2387 se
254 2354 445 2395 eruerent,
467 2355 504 2387 et
527 2354 654 2388 cetera
674 2362 757 2398 quse
782 2352 883 2390 sacta

101 2402 190 2434 snut
210 2398 359 2444 longius
380 2397 633 2444 intuerentur,
656 2404 696 2436 ut
716 2401 880 2447 Evange-

102 2445 213 2490 listae,
238 2446 299 2492 qui
335 2449 421 2492 post
456 2450 616 2482 mortem
635 2447 784 2483 Domini
816 2459 880 2484 eas

102 2499 511 2538 commemoraverunt,
539 2498 576 2530 et
595 2495 707 2540 longe
735 2498 880 2532 stantes

101 2545 458 2578 commemorarent.
480 2542 585 2585 Quod
605 2547 730 2579 autem
749 2543 878 2580 mulie-

99 2597 159 2624 res
180 2589 331 2625 stabant
345 2589 454 2635 juxta
473 2600 622 2626 crucem
641 2591 746 2635 Jesu,
769 2591 879 2627 disci—

100 2636 200 2682 pulis
221 2636 471 2684 fugientibus,
493 2639 734 2674 commendat
755 2638 878 2675 devo-

100 2687 178 2720 tam
198 2684 446 2722 constantiam
460 2685 501 2722 in
515 2684 749 2722 mulieribus.
771 2687 877 2724 Unde

100 2732 375 2779 chrysostomus
396 2745 406 2771 ε
431 2747 450 2768 «
480 2731 657 2770 Mulieres
675 2733 876 2772 astiterunt

980 163 1092 200 cruci.
1108 164 1337 207 fugientibus
1361 165 1570 212 discipulis,
1593 171 1629 203 et
1658 170 1760 214 quod

979 210 1206 247 imbecillius
1236 224 1353 255 genus
1384 217 1455 259 cst,
1490 213 1638 251 virilius
1671 221 1759 253 tunc

978 260 1175 303 apparuit5
1199 270 1289 303 ergo
1311 262 1406 297 sicut
1425 273 1492 298 nec
1513 273 1535 298 a
1556 262 1691 304 salute,
1706 263 1758 300 ita

976 315 1045 340 nee
1065 315 1088 341 a
1115 307 1293 350 mysterio
1316 308 1450 353 crucis,
1472 320 1540 346 nee
1559 320 1580 346 a
1599 309 1759 347 scicntia

978 352 1278 388 Resurrectimiis
1299 357 1546 393 exi-luduntur
1567 361 1604 394 et
1634 359 1759 404 repel-

976 398 1106 435 luntur
1128 399 1315 437 mulieres.
1340 417 1358 434 »
1378 405 1419 438 l⁴lt
1442 409 1545 448 nota,
1567 405 1667 451 quod
1689 408 1755 442 Be-

975 450 1036 482 ata
1056 446 1169 492 Virgo
1202 458 1278 483 nou
1312 450 1415 485 stetit
1451 454 1519 488 sub
1541 464 1667 498 cruce,
1705 455 1752 490 ad

974 494 1213 540 Aquilonem,
1235 496 1443 541 utquidam
1463 500 1696 546 fabulantur,
1719 505 1756 538 et

975 540 1075 587 sicut,
1094 542 1128 581 in
1145 541 1478 589 picturisponitur
1499 558 1506 589 ;
1531 547 1595 582 sed
1623 542 1755 585 cmitffi

974 585 1108 624 faciem
1125 589 1205 625 Filii
1221 590 1278 626 sui
1297 591 1434 637 stabat,
1452 593 1498 628 ad
1513 594 1754 632 Occidentem

973 635 1265 681 aliquantulum,
1283 638 1480 675 declinans
1493 645 1617 678 tamen
1631 643 1678 678 ad
1688 645 1755 680 Au·

971 686 1104 719 strum.
1117 685 1351 721 Monstratur
1364 688 1463 722 enim
1484 691 1520 723 et
1538 699 1638 724 nunc
1650 691 1755 735 juxta

973 734 1142 767 montem
1158 732 1339 769 Calvariae
1356 733 1510 779 quidam
1529 736 1717 783 locus-,qni
1733 749 1755 774 a

972 778 1148 815 fidelibus
1163 785 1379 825 veneratur,
1393 781 1455 818 ubi
1468 783 1551 827 ipsa
1567 794 1650 820 cum
1670 785 1755 821 aliis

973 826 1194 863 mulieribus
1208 827 1314 873 juxta
1335 840 1485 865 crucem
1503 830 1585 866 Filii
1606 831 1661 868 sui
1680 835 1755 868 ste-

970 875 1030 918 tit,
1067 874 1218 920 plorans
1247 880 1283 911 et
1318 876 1536 914 lamentans
1560 889 1676 923 eum;
1717 879 1754 916 in

971 931 1044 967 quo
1067 923 1147 957 loco
1170 925 1227 958 est
1248 934 1322 960 una
1345 926 1488 970 capella
1512 929 1618 962 extra
1639 927 1755 963 eccle-

969 968 1063 1004 siam
1084 969 1208 1005 Sancti
1235 971 1446 1018 Sepulchri,
1464 973 1529 1009 sed
1551 974 1755 1021 conjuncta

969 1026 1078 1052 muro
1106 1017 1275 1062 ejusdem
1299 1019 1482 1067 ecclesice.

1020 1067 1062 1099 26
1080 1064 1195 1100 ch'rA
1215 1076 1350 1102 ennensi
1366 1079 1407 1102 ET
1429 1080 1496 1104 uos
1515 1081 1627 1106 suni:
1648 1082 1753 1107 nnun-

968 1121 1051 1146 mcs.
1072 1131 1118 1138 —
1139 1113 1217 1156 Sta,
1240 1117 1277 1149 et
1299 1119 1350 1158 tu,
1367 1115 1474 1160 juxta
1492 1126 1645 1153 crucem
1668 1129 1753 1155 cum

968 1168 1027 1202 ea,
1059 1162 1095 1194 et
1134 1159 1342 1197 lamentare
1370 1162 1573 1200 Dominum
1612 1175 1680 1211 pro
1717 1169 1753 1202 te

967 1209 1173 1243 mortuum.
1195 1209 1307 1244 Juxta
1321 1220 1471 1246 crucem
1493 1211 1657 1248 libenter
1684 1213 1750 1249 de-

967 1253 1099 1290 bemus
1127 1259 1240 1291 stare.
1269 1259 1305 1292 et
1342 1257 1467 1303 potius
1489 1262 1614 1295 mente
1637 1270 1750 1306 quam

967 1310 1140 1346 corpore,
1168 1303 1344 1341 habendo
1371 1306 1595 1343 memoriam
1617 1308 1750 1344 Salva-

966 1348 1073 1390 toris,
1097 1351 1302 1387 secundum
1325 1357 1463 1389 statum
1498 1353 1537 1390 in
1573 1365 1646 1400 quo
1681 1355 1751 1392 suit

965 1394 1005 1431 in
1028 1407 1150 1434 cruce.
1181 1397 1288 1434 Utilis
1306 1399 1406 1436 enim
1431 1401 1538 1437 valde
1561 1406 1617 1438 est
1641 1403 1750 1440 nobis

966 1444 1150 1481 memoria
1167 1445 1266 1482 talis.
1288 1447 1341 1482 Ibi
1362 1451 1418 1484 est
1433 1448 1543 1485 nobis
1561 1450 1748 1496 refugium

965 1495 1096 1527 contra
1134 1494 1233 1529 mala
1264 1494 1398 1541 culpae,
1433 1499 1468 1532 et
1502 1496 1746 1544 refrigerium

965 1542 1097 1575 contra
1116 1540 1214 1576 mala
1227 1551 1349 1586 poenae
1367 1554 1375 1586 ;
1394 1542 1443 1579 ibi
1464 1543 1659 1581 erudimur
1677 1545 1751 1581 cir-

964 1596 1007 1622 ca
1026 1587 1125 1623 hona
1146 1588 1293 1633 gratIae,
1318 1589 1367 1625 ibi
1398 1591 1611 1628 ostenditur
1636 1593 1746 1629 nobis

962 1634 1023 1669 via
1043 1634 1091 1670 ad
1110 1635 1210 1671 bona
1227 1636 1372 1682 gloriae.
1396 1640 1500 1674 Bona
1523 1642 1560 1675 et
1594 1639 1745 1677 deside-

962 1681 1093 1717 rabilis
1115 1686 1171 1718 est
1191 1684 1327 1720 umbra
1355 1686 1423 1722 sub
1457 1686 1527 1722 alis
1553 1688 1657 1731 Jesu,
1679 1687 1744 1725 ubi

963 1731 1086 1765 tutum
1105 1733 1162 1766 est
1188 1730 1422 1776 fugientibus
1436 1733 1638 1780 refugium,
1656 1746 1743 1781 gra-

962 1778 1041 1812 tum
1064 1776 1171 1814 sessis
1183 1777 1438 1824 refrigerium.
1452 1782 1533 1817 Una
1547 1782 1606 1818 ala
1620 1786 1745 1829 potest

961 1822 1121 1870 intelligi
1138 1826 1371 1872 protectioin
1383 1828 1650 1875 prosperitate,
1669 1831 1745 1868 alia

960 1872 1146 1917 protectio
1163 1873 1199 1909 in
1211 1873 1439 1912 adversitate
1452 1887 1460 1920 ;
1474 1887 1548 1912 una
1560 1877 1618 1913 ala
1628 1879 1743 1915 etiam

962 1922 1094 1956 contra
1118 1921 1219 1957 mala
1246 1922 1380 1969 empse,
1401 1923 1474 1960 alia
1493 1927 1625 1961 eontra
1644 1926 1743 1963 mala

961 1976 1097 2013 poenae.
1118 1969 1225 2004 Unde
1251 1971 1474 2015 Bernardus,
1497 1972 1569 2008 hac
1596 1983 1741 2010 memo-

961 2013 1019 2050 ria
1037 2015 1253 2062 absorptus,
1272 2017 1351 2054 ait:
1371 2031 1389 2052 <‹
1412 2019 1440 2056 Ο
1463 2018 1636 2066 Domine,
1652 2032 1741 2068 quo-

960 2072 1120 2108 cumque
1148 2063 1241 2105 iero,
1263 2076 1413 2113 semper
1432 2072 1468 2103 te
1490 2067 1528 2102 in
1554 2078 1664 2105 cruce
1683 2068 1740 2105 vi-

959 2109 1043 2146 deo.
1070 2124 1088 2142 »
1123 2111 1328 2149 Considera
1354 2125 1451 2151 nunc
1473 2115 1635 2159 qualiter
1655 2117 1738 2163 ipse

959 2160 1013 2193 est
1032 2158 1228 2201 exaltatus,
1249 2165 1359 2206 prout
1383 2162 1608 2208 praedixerat
1630 2175 1638 2199 :
1661 2166 1738 2201 Sic·

958 2208 998 2240 ut
1015 2207 1157 2250 Moyses
1172 2210 1367 2254 eoeczltavtt,
1384 2209 1527 2246 scilicet
1547 2221 1660 2257 snper
1672 2222 1736 2259 pa-

956 2251 1033 2288 lum
1051 2258 1250 2299 serpentem
1275 2267 1423 2293 aeneum
1442 2259 1481 2293 in
1501 2258 1656 2304 deserto,
1678 2261 1736 2296 ita

956 2301 1132 2346 waltari,
1151 2301 1292 2339 scilicet
1312 2302 1350 2340 in
1370 2315 1493 2350 cruce,
1511 2309 1650 2352 oportet
1668 2308 1736 2343 Fi·-

956 2348 1047 2383 Iium
1063 2349 1232 2386 hominis.
1248 2350 1312 2387 Ille
1325 2351 1426 2388 enim
1441 2363 1598 2399 serpens
1610 2364 1738 2391 aeneus

954 2394 994 2430 in
1018 2395 1168 2432 deserto
1188 2399 1372 2435 exaltatus
1393 2401 1514 2446 ligura
1537 2400 1607 2438 suit
1628 2402 1739 2448 hujus

955 2443 1206 2495 exaltationis.
1230 2445 1335 2482 Sicut
1355 2447 1455 2483 enim
1476 2447 1540 2484 ille
1570 2459 1740 2496 serpen-

955 2494 1003 2526 tis
1040 2490 1192 2536 quidem
1225 2493 1512 2532 similitudinem
1554 2496 1737 2541 habebat,

955 2538 1143 2584 serpentis
1163 2543 1289 2577 autem
1306 2553 1491 2579 venenum
1516 2554 1590 2580 non
1612 2545 1736 2581 babe-

953 2585 1032 2629 bat,
1055 2586 1146 2632 quia
1172 2598 1303 2625 feneus
1333 2593 1440 2635 erat·,
1482 2590 1535 2626 sie
1566 2591 1737 2628 Cbristus

953 2643 1039 2669 cum
1078 2633 1220 2680 iniquis
1249 2636 1466 2683 deputatuS,
1490 2642 1525 2674 et
1549 2638 1648 2675 inter
1674 2640 1736 2675 la—

953 2683 1083 2734 trones
1096 2692 1314 2726 suspensus,
1338 2685 1464 2722 carnis
1486 2686 1628 2732 peccati
1650 2686 1734 2733 qui-

953 2727 1038 2765 dem
1055 2729 1735 2782 similitudinemhahebat,peccatum
