1924 3157
211 187 267 222 152
657 188 865 224 SECUNDAE
902 188 1057 225 PARTIS
1097 188 1232 224 CAPUT
1270 187 1389 223 val

215 269 299 296 cere
319 259 502 304 liberatis,
524 262 561 296 et
581 259 620 296 in
642 259 840 304 imperium
864 260 989 298 subli-

214 307 346 350 matis,
377 307 555 343 beneficia
581 307 731 356 valeant
757 307 940 345 obtinere.

258 356 278 389 8
301 355 462 389 Devorio
489 366 531 390 ET
564 365 783 391 CONSTANTiA
808 367 990 392 homuncii

211 411 311 436 cch
332 402 464 437 Domxt
488 413 729 438 SEPULTURAM.
753 423 797 428 —
817 405 990 439 Mulieres

212 455 347 492 aulem,
370 459 449 493 quae
467 453 575 485 erant
601 449 746 486 Christo
774 450 933 491 devotae,
957 455 993 485 ct

213 505 293 530 cum
307 505 344 530 eo
362 500 533 532 venerant
546 497 591 532 de
603 497 770 542 Galilaea,
788 498 895 533 funus
906 498 990 533 sub-

212 546 353 585 secutae,
364 543 534 579 viderunt
547 549 817 580 monumentum
830 549 862 580 et
875 555 993 590 quem-
1022 583 1023 586 ,

213 589 409 626 admodum
434 593 595 637 positum
633 596 709 628 erat
739 602 866 637 corpus
899 592 992 637 ejus,

212 636 251 672 id
279 641 335 672 est
355 638 542 683 quomodo
570 642 605 675 et
638 639 676 675 in
700 650 772 685 quo
802 639 882 675 loco
910 650 992 674 coi·-

212 693 281 767 pus
300 683 446 721 Domini
468 689 674 732 poneretur
694 699 702 731 ;
725 686 778 722 sic
798 693 921 722 autem
943 685 993 721 di·
1023 707 1025 710 <

228 741 236 766 l

241 735 374 778 genter
395 738 621 770 curaverunt
654 735 840 779 respicere
864 737 899 769 ct
919 744 993 769 no—

212 780 309 823 tare,
333 783 371 814 ut
391 787 519 826 postea
549 780 583 817 ei
621 784 790 826 tempore
827 791 991 826 congruo

213 836 352 862 munus
374 837 450 863 suae
471 827 680 863 devotionis
707 832 859 874 possent
880 828 991 863 osser-

213 883 270 917 re,
292 876 328 909 et
355 874 520 910 osticium
551 874 671 910 funeri
694 875 927 921 impendere,
951 885 993 910 ac

213 930 349 966 corpus
370 922 452 967 ejus
480 922 675 966 inungere.
703 923 773 957 Per
787 923 856 957 boc
877 921 991 967 signi-

215 966 362 1011 ficatur,
400 967 486 1014 quia
520 968 656 1004 animae
682 969 827 1004 devotae
857 969 994 1005 debent

214 1014 435 1061 mysterium
463 1015 651 1052 Passionis
676 1015 812 1053 Christi
834 1016 993 1052 sollicite

214 1060 468 1106 considerare,
492 1066 527 1098 et
539 1073 622 1099 eam
639 1074 826 1110 proposse
839 1063 992 1100 imitari.

215 1108 318 1145 Unde
339 1110 438 1144 Beda
456 1122 466 1145 .·
491 1124 509 1143 «
530 1110 601 1146 Sed
622 1114 658 1146 et
691 1111 874 1147 hactenus
904 1122 993 1146 san-

214 1159 283 1192 ctae
307 1156 484 1193 mulieres
523 1157 584 1194 die
612 1156 851 1202 Pa‘rasceves,
880 1157 917 1194 id
939 1161 994 1194 est
1024 1185 1026 1196 ,

213 1203 517 1250 praeparationis,
530 1204 630 1241 idem
653 1205 803 1247 iaciunt,
818 1216 901 1241 cum
918 1205 995 1241 ani-

214 1261 286 1286 mae
303 1251 465 1287 humiles
485 1255 521 1288 et
541 1263 614 1299 quo
638 1252 791 1299 majoris
809 1252 878 1289 sibi
903 1264 994 1289 con-

216 1297 304 1334 sciae
328 1298 555 1345 fragilitatis,
581 1311 624 1336 co
640 1301 771 1347 maJ'ori
790 1299 995 1337 Salvatoris

215 1355 344 1397 amore
365 1346 566 1390 ferventes,
596 1347 788 1383 Passionis
824 1348 904 1394 ejus
932 1359 993 1383 ve-

215 1391 336 1438 stigns
356 1392 395 1428 in
415 1394 486 1428 hoc
510 1394 650 1438 seculo,
673 1405 747 1439 quo
771 1395 921 1440 requies
939 1399 996 1430 est

214 1440 464 1486 praeparanda
490 1440 630 1486 sutura,
659 1441 858 1487 diligenter
884 1443 994 1478 obse-

215 1490 406 1540 quuntur-3
430 1492 466 1523 et
499 1487 530 1524 si
552 1488 648 1524 forte
669 1489 819 1525 valeant
839 1488 992 1534 imitari,

214 1544 276 1579 pia
296 1534 511 1571 curiositate
538 1546 611 1581 quo
634 1536 765 1572 ordine
787 1536 835 1572 sit
864 1537 995 1572 eadem

215 1580 345 1617 Passio
366 1582 564 1629 completa,
584 1583 833 1630 perpendunt.
853 1584 933 1627 Qua
947 1584 997 1620 le-

214 1631 288 1672 cta,
306 1628 495 1673 audita‚et
510 1630 604 1667 bene
620 1631 831 1676 recordata,
847 1642 931 1668 mox
948 1632 994 1667 ad

215 1677 425 1721 parandum
460 1687 573 1723 opera
612 1678 794 1714 virtutum
812 1707 820 1723 ,
861 1679 995 1725 quibus
1026 1690 1028 1718 J

1025 1758 1027 1771 ³
1060 1727 1211 1770 mentis,
1230 1737 1273 1762 ac
1285 1725 1436 1762 sudario
1455 1729 1492 1762 et
1511 1726 1639 1762 labore
1654 1725 1840 1772 poeniten-

215 1722 386 1776 Christus
402 1723 622 1769 delectetur,
639 1736 677 1761 se
692 1729 934 1770 convertunt3
957 1730 995 1761 ut

214 1769 321 1806 finlta
335 1771 534 1817 praesentis
554 1771 638 1808 vitae
652 1775 866 1817 Parasceve,
882 1773 920 1808 in
938 1784 996 1809 re-

215 1816 301 1863 quie
321 1818 433 1854 beata
450 1824 665 1865 exspectent
684 1823 853 1867 tempore
874 1831 994 1856 resur-

214 1864 407 1909 rectionis,
430 1876 627 1903 occurrere
662 1867 808 1903 Christo
847 1878 931 1903 cum
953 1879 991 1904 a-

215 1912 424 1948 romatibus
445 1913 696 1959 spiritualium
730 1916 919 1951 actionum
941 1927 948 1951 t
974 1928 990 1948 »
1024 1958 1025 1961 Ἰ

214 1959 295 1995 haec
317 1960 427 1996 Beda.
450 1962 590 2007 Joseph
614 1967 741 1998 autem
779 1966 815 1998 et
836 1962 991 1998 Nicode-

214 2016 297 2043 mus
313 2006 538 2044 inclinantes
551 2009 722 2047 Domino.
739 2013 775 2046 et
789 2010 991 2046 adorantes

213 2054 466 2100 sepulchrum,
496 2060 748 2101 recesserunt3
770 2058 886 2093 Maria
905 2068 990 2093 vero

212 2100 343 2144 etalii,
369 2102 431 2148 qui
451 2103 592 2139 arctius
619 2105 810 2148 amabant,
840 2115 988 2140 reman-

211 2152 364 2185 serunt:
382 2151 473 2186 Erat
491 2154 610 2186 autem
625 2152 678 2186 ibt·
692 2153 813 2187 Maria
834 2152 989 2196 Maydu-

211 2196 288 2231 lene
307 2200 340 2232 et
374 2198 491 2233 altera
512 2200 647 2237 Μανία.
675 2199 836 2235 sedentes
867 2203 991 2235 contra

210 2245 455 2289 sepulchrum,
466 2250 502 2280 et
511 2246 762 2282 lamentantes
771 2246 988 2292 Dominum,

211 2295 248 2326 et
274 2295 531 2337 exspectantes
554 2293 635 2339 ejus
667 2295 909 2340 promissum.
947 2296 989 2330 In

210 2348 283 2383 quo
303 2339 514 2375 ostenditur
536 2351 668 2377 earum
695 2341 919 2386 constantia,
952 2345 989 2378 et

210 2385 336 2420 servor
344 2385 555 2424 dilectionis
564 2399 653 2434 erga
666 2388 907 2435 Dominum,q
914 2387 988 2434 uia,

210 2432 475 2470 recedentibus
495 2434 688 2482 discipulis
709 2446 753 2472 ac
766 2435 849 2472 aliis
874 2436 987 2482 notis,

210 2478 333 2515 adhuc
354 2483 601 2518 remanebant
618 2483 717 2519 circa
733 2484 986 2530 sepulchrum.

212 2526 318 2562 Unde
330 2529 612 2580 ‘Hieronymum
646 2544 665 2564 «
695 2530 834 2567 Ceteris
871 2531 987 2567 relin-

211 2575 410 2626 quentibus
432 2577 648 2622 Dominum,
676 2577 851 2614 mulieres
871 2577 910 2614 in
937 2579 987 2614 of-

210 2620 295 2656 ficio
322 2627 581 2674 perseverant,
604 2629 866 2671 exspectantes
884 2626 987 2672 quod

209 2673 435 2721 promiserat
453 2672 560 2707 Jesus
578 2683 586 2715 ;
611 2676 647 2708 et
665 2673 749 2709 ideo
767 2677 989 2709 meruerunt

209 2725 331 2762 primo
355 2716 480 2753 videre
501 2724 775 2764 resurgentem,
800 2720 887 2767 quia
909 2732 987 2765 per-

211 2769 481 2800 severaverunt
498 2776 615 2811 usque
637 2766 676 2802 in
691 2767 819 2803 finem.
843 2782 860 2801 »
883 2768 988 2804 Unde

212 2812 245 2844 et
279 2812 448 2847 Hebenus
471 2826 474 2848 :
507 2828 523 2842 a
548 2813 638 2849 Aliis
676 2814 774 2849 notis
811 2816 898 2851 Jesu
939 2816 983 2851 ad

1057 271 1123 297 sua
1144 258 1405 303 redeuntibUS,
1427 259 1516 295 solae
1538 258 1730 303 mulieres,
1754 268 1836 304 quae

1020 303 1021 309 ’
1056 306 1250 345 ardentius
1268 307 1462 350 amabant,
1485 306 1709 352 obsequium
1727 306 1835 342 fune-

1055 366 1107 390 ris
1141 353 1404 400 inspiciebant,
1439 357 1697 399 exspectantes
1736 352 1836 399 quod

1055 400 1302 448 promiserat;
1326 404 1361 436 et
1378 399 1462 435 ideo
1484 403 1568 446 post
1583 398 1838 437 Resurrectio-

1056 459 1141 485 nem
1168 447 1288 495 primo
1320 448 1506 483 Christum
1534 447 1674 484 vident.
1712 449 1836 483 Beatae

1057 495 1249 539 mulieres,
1271 505 1353 541 quae
1375 493 1685 531 ministraverunt
1702 494 1838 530 viven-

1055 544 1095 585 ti,
1120 542 1345 579 adstiterunt
1367 541 1555 587 morienti,
1581 552 1623 578 ac
1650 543 1838 578 obsecutae

1058 595 1143 627 sunt
1170 590 1329 637 sepulto,
1356 594 1393 626 et
1420 588 1472 625 sic
1510 588 1719 635 congavisae
1754 592 1840 625 sunt

1056 638 1267 684 resurgenti
1289 637 1296 673 l
1325 651 1338 670 ι)
1364 637 1467 673 Unde
1490 636 1603 673 etiam
1626 637 1837 681 Chr-ysosto-

1057 697 1136 721 mus
1159 697 1167 721 ε
1193 699 1209 718 «
1245 684 1379 721 Vidisti
1405 684 1607 720 mulierum
1641 682 1837 720 fortitudi—

1058 744 1159 777 nem,
1187 732 1313 767 vidisti
1332 732 1588 776 dilectionem,
1610 730 1735 768 vidisti
1757 741 1834 767 ma-

1059 779 1359 826 gnanimitatem,
1398 790 1480 825 quae
1507 790 1626 825 usque
1653 780 1699 814 ad
1734 789 1834 814 mor-

1059 831 1131 863 tcni
1156 828 1237 863 fuit.
1268 826 1460 863 imitemur
1479 828 1547 862 has
1573 825 1749 862 mulieres
1767 835 1837 861 nos

1058 874 1126 909 viri
1147 887 1155 917 ;
1178 873 1630 920 neque-derelinquamus
1651 873 1688 908 in
1714 875 1836 908 tenta-

1060 921 1226 957 tionibus
1245 923 1394 957 Jesum:
1416 934 1432 954 »
1455 922 1536 956 haec
1552 922 1836 966 Chrysosto‘mus.

1061 970 1132 1004 Per
1153 968 1389 1005 devotionern
1416 969 1554 1014 quippe
1586 968 1721 1004 harum
1753 978 1837 1003 mu—

1060 1016 1194 1052 lierum
1218 1015 1441 1060 ostenditur,
1475 1015 1562 1060 quia
1583 1016 1726 1051 devotae
1752 1025 1836 1061 per-

1059 1074 1161 1099 sonae
1200 1063 1336 1099 mundo
1383 1065 1542 1099 mortuae
1568 1063 1720 1099 debent
1754 1072 1839 1098 cum

1061 1112 1207 1148 Christo
1242 1121 1308 1157 per
1334 1110 1635 1156 compassionem
1671 1108 1838 1156 sepeliri,

1063 1163 1099 1195 ut
1110 1161 1327 1194 mereantur
1342 1159 1642 1194 Resurrectionis
1654 1158 1735 1204 ejus
1749 1167 1838 1204 par-

1060 1206 1192 1252 ticipes
1213 1205 1308 1241 fieri.
1336 1207 1434 1242 Lava
1455 1212 1551 1250 vergo
1585 1208 1623 1241 et
1652 1209 1692 1240 tu
1717 1204 1839 1251 lacry-

1063 1254 1131 1289 mis
1153 1263 1288 1299 corpus
1300 1253 1380 1299 ejus
1395 1251 1649 1289 sacratissimo
1659 1252 1839 1297 sanguine

1062 1311 1283 1347 aspcrsum;
1313 1305 1347 1336 et
1376 1311 1475 1346 unge
1493 1301 1615 1346 ipsum
1638 1298 1839 1345 unguentis

1063 1351 1201 1384 sanctae
1216 1347 1409 1391 orationis3
1428 1351 1465 1383 et
1483 1352 1591 1393 porta
1604 1347 1768 1383 brachiis
1782 1357 1838 1382 ca-

1061 1395 1220 1431 ritativae
1259 1399 1295 1431 et
1329 1393 1480 1431 humilis
1514 1393 1775 1440 operationis;
1804 1396 1840 1430 et

1062 1441 1177 1488 sepeli
1205 1453 1288 1478 cum
1309 1441 1542 1478 aromatibus
1559 1442 1667 1478 bonae
1689 1451 1839 1477 conver-

1027 1496 1028 1509 *
1061 1489 1230 1533 sationis,
1252 1500 1295 1525 ac
1325 1488 1436 1525 honis
1453 1488 1633 1525 doctrinis
1655 1493 1691 1525 et
1712 1498 1840 1524 exem—

1061 1536 1146 1583 plis,
1169 1547 1254 1573 cum
1274 1536 1401 1572 multis
1430 1535 1633 1582 gemitibus
1660 1546 1704 1583 ac
1723 1535 1839 1582 plan—

1062 1585 1182 1620 ctibus
1221 1588 1257 1620 et
1293 1584 1495 1628 lamentis;
1524 1587 1560 1620 et
1588 1585 1739 1630 cooperi
1769 1583 1837 1619 sub

1061 1633 1199 1668 amoris
1226 1638 1261 1668 et
1290 1631 1498 1667 devotionis
1519 1630 1735 1677 pavimento
1753 1641 1839 1666 con-

1062 1678 1228 1715 scientiae
1248 1683 1322 1714 tuae
1346 1679 1382 1714 in
1414 1678 1572 1714 sindone
1604 1681 1641 1714 et
1667 1679 1838 1714 castitate

1061 1774 1122 1809 tiae
1139 1785 1147 1817 ;
1166 1777 1202 1809 et
1222 1773 1368 1810 sedebis
1386 1773 1438 1809 ibi
1456 1775 1560 1819 juxta
1579 1783 1665 1809 eum
1691 1773 1738 1809 ad
1759 1783 1838 1809 mo-

1060 1824 1296 1865 numentum,
1333 1821 1453 1857 donec
1490 1820 1619 1857 videas
1665 1821 1790 1867 ipsum
1817 1830 1840 1856 a

1061 1868 1218 1904 mortuis
1236 1873 1510 1914 resurgentem.
1528 1869 1732 1912 Quaeso,ne
1743 1878 1839 1904 mor-

1060 1919 1166 1951 tuum
1192 1927 1256 1960 pro
1293 1919 1330 1952 te
1368 1915 1545 1952 dilectum
1572 1915 1736 1962 rejicias,
1772 1915 1838 1951 sed

1059 1963 1147 1999 totis
1182 1962 1379 1999 desideriis
1406 1962 1446 1998 in
1478 1962 1677 2009 sepulchro
1714 1961 1838 1999 cordis

1024 2047 1025 2057 ἶ
1059 2010 1239 2057 recipias3
1264 2010 1428 2056 stringas
1463 2009 1739 2046 candidissimis
1775 2020 1837 2046 co-

1058 2058 1285 2103 gitationum
1307 2062 1343 2094 et
1365 2056 1574 2103 purissimis
1592 2056 1838 2094 affectionum

1059 2105 1354 2149 linteaminibus,
1370 2116 1513 2149 roseas,
1528 2104 1836 2151 speciosissimas,

1022 2184 1024 2193 ,
1058 2152 1358 2189 amorosissimas
1378 2153 1460 2198 ejus
1479 2153 1611 2199 plagas
1634 2164 1643 2197 ;
1664 2154 1782 2188 donec
1801 2155 1837 2188 te

1058 2200 1169 2236 ducat
1189 2200 1227 2236 in
1250 2199 1552 2236 Resurrectionis
1571 2210 1646 2235 suae
1667 2199 1837 2236 laetitiam

1058 2247 1290 2284 mirabilibus
1308 2247 1456 2283 dotibus
1485 2247 1713 2292 decoratam,
1743 2249 1780 2283 et
1799 2246 1837 2283 in

1057 2294 1298 2331 Ascensionis
1327 2305 1404 2331 suae
1437 2294 1695 2330 excellentiam
1725 2304 1838 2341 super

1057 2353 1188 2378 omnes
1209 2342 1293 2379 coeli
1320 2342 1473 2378 ordines
1486 2342 1684 2378 elevatam.
1706 2343 1749 2378 Et
1771 2352 1837 2378 no-

1056 2395 1107 2433 ta,
1133 2390 1232 2436 quod
1254 2389 1339 2426 licet
1358 2390 1396 2425 in
1415 2390 1486 2426 hac
1513 2389 1707 2436 sepultura
1727 2388 1838 2426 Chri—

1055 2441 1136 2473 stus
1162 2436 1255 2473 nihil
1297 2448 1427 2483 passus
1456 2436 1581 2482 fuerit,
1621 2436 1709 2483 quia
1736 2447 1838 2473 mor-

1054 2488 1142 2521 tuus
1164 2497 1172 2529 3
1196 2488 1324 2520 tamen
1344 2486 1413 2520 hoc
1435 2485 1575 2520 factum
1596 2483 1635 2520 in
1668 2494 1708 2520 se
1728 2483 1837 2520 mise-

1054 2532 1174 2568 rabile
1187 2531 1256 2568 suit
1272 2535 1308 2567 ct
1325 2531 1583 2576 lamentabile,
1602 2534 1758 2577 propter
1773 2542 1835 2567 ra-

1054 2579 1177 2615 tiones
1191 2584 1227 2614 et
1246 2589 1378 2615 causas
1395 2590 1521 2623 supra,
1541 2580 1640 2614 circa
1659 2577 1836 2624 depositi-

1055 2637 1163 2662 onein
1186 2626 1333 2662 Domini
1352 2626 1398 2662 de
1420 2637 1543 2671 cruce,
1567 2629 1762 2662 tractatas.

1103 2690 1122 2720 9
1144 2674 1316 2718 Qum-con
1340 2686 1552 2710 DOCUMENTA
1587 2685 1607 2708 E
1629 2684 1834 2709 SEPULTURA

1055 2722 1199 2757 CHRISTI
1229 2733 1338 2758 Acrus
1356 2732 1662 2757 CONFORMATIOle
1682 2732 1725 2756 ET
1744 2732 1833 2756 ORA-

1054 2780 1124 2804 Tio.
1148 2790 1191 2795 —
1213 2771 1261 2805 Ex
1280 2769 1352 2805 isto
1367 2770 1526 2805 articulo
1543 2768 1744 2814 sepulturae
1760 2772 1834 2804 tra-

1054 2816 1196 2852 huntur
1208 2817 1314 2862 plura
1325 2816 1559 2853 documenta.
1581 2815 1746 2857 Primum
1762 2818 1829 2860 est,
