1924 3157
141 208 196 241 184
595 203 800 240 SECUNDAE
839 206 993 241 PARTIS
1030 204 1164 239 CAPUT
1202 203 1316 237 LXXI

139 278 331 323 cussisque
351 275 529 312 vitiorum
565 274 750 319 tenebris,
775 276 822 312 ad
851 289 911 314 sa-

139 330 375 362 crosanctum
394 322 545 359 Domini
558 323 652 359 Cori·
649 333 701 358 Ι115
717 324 874 360 accedet·
879 337 912 362 e.

140 374 231 410 Nam
253 376 290 408 et
313 371 558 417 sepulchrum
581 369 676 405 illud
695 372 913 408 venerabile

140 420 301 465 figuram
323 418 507 454 Dominici
551 416 682 453 altaris
721 418 848 462 haba-,t
877 420 915 455 in

141 477 215 512 quo
229 465 406 518 Corporis
421 466 503 511 ejus
520 467 556 499 et
577 464 781 510 Sanguinis
793 447 916 502 solent

141 514 319 559 mysteria
351 511 548 548 celebrari.
573 513 753 548 Aiomata
773 518 914 558 autem,

141 571 225 606 quae
247 559 426 595 mulieres
449 559 638 602 deserunt,
667 560 821 596 odoiem
844 560 916 595 vir-

141 611 263 643 tutum
284 611 321 642 et
341 608 555 642 orationum
578 605 816 651 suavitatem,
837 606 916 652 qui

141 656 212 691 bus
233 655 342 690 altari
379 653 685 700 appr‹·pinquaie
719 654 915 699 dehemus,

143 701 361 748 significant
382 713 390 737 ε
411 715 428 733 »
453 702 531 736 haec
559 701 669 736 Reda.

190 753 210 785 5
232 750 332 792 Quor
359 759 464 784 nonis
500 749 675 784 Cunisrus
714 760 841 784 ruemr
881 759 917 784 ix

144 796 390 833 moriennam?
411 817 456 822 -
475 797 502 831 tl
512 795 605 831 ulier
622 806 725 841 ergo,
746 806 828 841 qnae
845 797 918 848 pri-

143 854 205 881 ma
238 843 304 879 ivit
330 843 377 879 ad
405 845 567 895 culpam,
596 846 631 878 et
665 853 762 878 nunc
796 844 918 888 prima

144 891 246 927 venit
267 891 314 926 ad
332 892 512 933 veniam;
529 895 565 925 et
590 900 672 934 quae
696 888 819 935 prima
838 900 919 935 per-

144 938 273 974 fidiam
294 936 454 990 sumpsit
483 938 518 971 in
543 947 611 982 pai
614 935 735 978 adiso
764 937 919 972 festinat

144 995 245 1021 nuuc
265 983 389 1036 prima
410 983 525 1018 fidem
547 993 694 1019 sumere
716 983 761 1018 de
783 985 917 1029 sepul—

142 1033 256 1075 chro;
284 1034 321 1066 et
341 1041 394 1066 510
417 1032 612 1066 contendit
641 1031 685 1065 de
716 1033 837 1066 morte
858 1041 919 1066 ra-

141 1089 229 1125 pere
249 1077 381 1120 vitam,
405 1087 488 1123 quae
511 1076 602 1112 olim
627 1076 673 1112 de
694 1076 769 1112 vita
792 1077 918 1123 rapuit

142 1129 316 1163 mortem.
347 1125 454 1168 Quod
477 1128 602 1160 autem
628 1125 806 1160 Dominus
827 1125 920 1160 dilu-

143 1173 228 1210 culo
247 1172 421 1216 surrexit,
442 1171 529 1207 huic
547 1170 736 1206 consentit
757 1173 920 1208 auctori-

144 1225 203 1257 tas
221 1219 298 1263 illa,
317 1230 402 1265 quae
424 1217 513 1254 dicit
535 1217 732 1254 Dominum
752 1219 920 1272 quadra-

147 1268 253 1315 ginta
273 1266 378 1303 111115
400 1266 513 1301 fuisse
537 1272 742 1309 mortuum,
765 1270 801 1302 et
825 1266 920 1302 toti-

148 1316 235 1352 dem
263 1315 410 1357 diebus,
438 1318 526 1349 ante
551 1313 774 1349 ascensioni
780 1324 814 1349 m
836 1319 921 1360 post

147 1363 184 1398 in
204 1365 307 1397 terra
329 1364 531 1404 moratum,
553 1360 642 1406 quia
662 1364 823 1406 quatuor
845 1362 920 1397 ho—

150 1409 202 1445 ris
224 1409 465 1451 Parasceves,
487 1411 522 1443 et
544 1411 580 1443 ti
587 1407 705 1453 ‚ginta
731 1419 794 1444 sex
827 1408 920 1444 dua-

150 1467 234 1493 rum
249 1455 414 1492 noctium
433 1458 470 1490 et
487 1454 599 1490 unius
614 1454 707 1499 diei3
729 1456 829 1500 quod
856 1457 920 1491 Ec-

151 1504 267 1540 clesia
285 1501 499 1539 consentire
524 1502 684 1546 videtur,
700 1513 783 1548 quae
803 1507 921 1539 matu-

150 1550 250 1588 tinas
284 1550 414 1586 laudes
453 1549 640 1593 celebrat,
680 1560 745 1594 pro
783 1550 921 1586 Christi

150 1597 451 1635 Resurrectione.
473 1597 577 1633 Unde
602 1599 730 1632 Petrus
760 1598 892 1634 Cantor
911 1611 921 1634 .·

150 1659 168 1681 «
194 1645 310 1682 Valde
330 1655 453 1686 mane,
476 1643 565 1680 dicit
600 1643 780 1680 diluculo.
815 1645 922 1682 Dilu-

149 1693 273 1730 culum
295 1692 395 1728 enim
409 1697 466 1728 est
483 1691 584 1728 inter
603 1692 780 1728 tenebras
800 1692 921 1729 noctis

149 1744 185 1778 et
203 1740 276 1776 diei
309 1739 531 1782 claritatem,
555 1738 594 1774 in
619 1749 692 1792 qua
720 1740 822 1775 salus
842 1740 921 1776 hu-

148 1787 250 1841 mani
271 1786 421 1834 generis
440 1767 538 1822 felici
562 1785 754 1823 vicinitate
782 1798 921 1833 piaeve-

147 1835 201 1871 nit
218 1834 256 1870 in
271 1815 443 1869 Ecclesii
465 1833 707 1877 declaranda,
734 1844 838 1870 more
858 1846 919 1870 so-

146 1882 206 1926 lis,
228 1881 290 1928 qui
313 1880 483 1934 proxima
503 1881 585 1916 luce
604 1891 764 1925 c‹;,)nsur
758 1893 837 1917 ens
858 1893 919 1918 10-

145 1940 247 1965 seam
273 1927 469 1975 praemittit
489 1938 699 1964 auroram:
730 1935 768 1964 ut
792 1932 919 1965 tantus

147 1976 326 2029 splendor
345 1986 505 2022 praepar
509 1975 569 2010 itis
590 1975 708 2011 oculis
730 1976 848 2028 possit
867 1977 919 2012 in-

148 2022 257 2067 tueri,
280 2023 430 2076 quando
456 2030 602 2068 tempus
627 2022 829 2059 Dominicae
852 2026 920 2060 Re-

147 2070 389 2107 surrectionis
415 2069 550 2113 illuxit,
579 2073 617 2105 ut
651 2074 743 2105 tunc
778 2070 919 2108 scilicet

147 2118 322 2154 duluculo
344 2117 475 2154 laudes
506 2116 644 2153 Christi
668 2120 746 2153 tota
766 2122 918 2154 caneret

144 2165 355 2210 exemplum
371 2168 587 2201 sanctarum
609 2164 834 2201 seminarum
850 2167 916 2201 Ec-

144 2211 270 2256 etesia,
292 2213 444 2259 quando
464 2222 582 2258 genus
611 2214 815 2248 humanum
847 2224 916 2249 ex-

143 2261 265 2306 emplo
291 2271 370 2296 suae
401 2259 701 2295 Resurrectionis
721 2259 914 2307 animavit,

141 2307 293 2352 quando
312 2307 424 2343 fidem
436 2306 631 2360 praestitit
648 2310 684 2342 et
698 2307 825 2344 lumen
838 2318 914 2343 cre-

140 2353 309 2390 dulitatis
326 2353 474 2390 infudit.
501 2355 596 2401 Ergo
610 2353 783 2392 Christus
805 2365 914 2392 mane

143 2405 180 2438 et
200 2402 321 2437 vicino
353 2404 438 2437 ortu
459 2381 569 2438 soli?
579 2403 753 2445 surrexit,
779 2412 913 2439 secun-

139 2448 227 2484 dum
242 2449 506 2494 Augustinum,
523 2450 585 2494 qui
603 2448 693 2484 dicit
711 2448 912 2486 Dominum

136 2498 283 2531 tantum
306 2495 557 2542 qnadraginta
585 2496 690 2532 horis
725 2496 912 2542 quievisse

136 2541 175 2578 in
197 2543 409 2587 sepulchro,
436 2546 538 2578 sexta
567 2544 661 2579 hora
686 2544 911 2581 Parasceves

136 2599 318 2642 passum;
342 2593 378 2625 et
398 2589 451 2625 ita
486 2600 570 2625 cum
604 2601 659 2626 ess
647 2595 699 2626 et
735 2591 910 2637 aequino—

137 2636 268 2680 ctium,
293 2636 459 2673 diluculo
499 2637 673 2673 surrexit.
707 2639 732 2673 E
763 2645 908 2683 contra,

136 2684 386 2737 Hieronymus
413 2683 527 2728 dicit,
556 2684 755 2721 Dominum
781 2696 907 2740 surre-

135 2730 232 2767 xisse
251 2731 376 2767 media
397 2734 533 2775 nocte;
562 2732 699 2777 legitur
728 2734 828 2768 enim
867 2733 906 2769 in

136 2779 231 2814 libro
243 2778 431 2822 Judicum,
444 2783 531 2814 tunc
546 2780 764 2816 samsonem
779 2791 908 2826 aspor-

137 2830 235 2862 tasse
258 2829 388 2872 portas
410 2826 518 2862 Gazae
539 2837 656 2872 usque
678 2826 715 2862 in
737 2828 904 2874 superci-

989 276 1081 313 lium
1105 274 1255 311 montis.
1277 272 1424 310 Solutio
1457 275 1584 310 autern
1606 277 1763 309 contra-

991 323 1137 360 rietatis
1170 327 1241 365 est,
1269 320 1423 366 quodin
1447 323 1616 367 tempore
1639 321 1762 357 medio

990 371 1089 406 inter
1109 368 1313 405 diluculum
1349 371 1385 403 et
1417 368 1578 404 mediam
1614 371 1763 405 noctem

990 417 1176 454 surrexit:
1204 430 1221 450 »
1245 417 1326 451 haec
1349 417 1476 450 Petrus
1497 415 1646 452 Cantor.

1038 468 1057 508 4
1081 465 1344 501 COGITATIONES
1372 473 1566 502 numanum,
1604 474 1677 499 Dum
1698 475 1762 499 vn-

992 523 1100 548 Nium'r
1127 523 1171 547 AD
1204 521 1446 547 SEPULCHRUM.
1475 530 1520 536 -
1541 510 1634 545 Dum
1674 521 1762 557 ergo

993 558 1170 595 mulieres
1188 559 1235 594 ad
1256 560 1540 593 monumentum
1555 561 1686 593 euntes
1699 568 1762 593 es-

993 612 1076 642 sent
1096 613 1200 642 extra
1226 609 1374 657 portam
1406 603 1588 648 Civitatis,
1614 615 1764 641 rovoca-

992 655 1081 690 baut
1099 655 1145 690 ad
1169 663 1277 689 mem
1280 654 1390 688 »riam
1402 650 1623 687 afflictiones
1636 654 1674 687 et
1688 662 1767 698 poe-

993 712 1060 736 1135
1081 701 1137 737 sni
1152 699 1318 747 Magistri
1335 706 1372 735 et
1395 697 1556 742 Domini,
1570 701 1607 734 et
1626 699 1663 734 in
1682 709 1764 735 om-

992 748 1104 784 nihus
1134 748 1224 784 locis
1251 747 1289 782 in
1317 745 1453 792 quibus
1476 752 1608 781 contra
1640 744 1765 790 ipsum

994 795 1212 831 notabiliter
1231 794 1370 840 aliquid
1387 794 1523 829 factum
1541 795 1676 834 l',uerat
1699 793 1766 829 ali-

993 841 1529 888 quantulumsubsistebmintg
1512 840 1765 877 U‘enuflecten-

994 894 1062 933 tes
1088 894 1124 925 et
1148 889 1358 925 osculantes
1374 893 1528 931 terram,
1551 887 1712 933 gemitus
1729 891 1767 924 et

994 937 1321 989 suspiiiadantes,
1351 939 1462 981 atque
1483 934 1672 971 dicentes:
1701 934 1766 971 Hic

994 983 1224 1020 obviavimffi
1259 982 1292 1018 ei
1315 993 1397 1018 cum
1429 992 1537 1018 cruce
1560 992 1672 1028 super
1690 982 1765 1018 col-

994 1032 1085 1074 lum,
1108 1031 1258 1076 qnando
1281 1031 1399 1065 Mater
1421 1029 1500 1075 ejus
1522 1029 1767 1066 semimortua

994 1079 1091 1115 sacta
1108 1083 1183 1120 est‚·
1201 1084 1237 1113 et
1253 1077 1312 1112 hir
1321 1087 1360 1113 se
1375 1076 1486 1112 vertit
1499 1076 1546 1112 ad
1562 1076 1764 1121 mulieres,
1755 1089 1763 1095 ·

994 1125 1055 1161 hic
1075 1135 1225 1161 crucem
1243 1123 1415 1170 deposuit
1432 1123 1623 1170 fatigatus,
1646 1129 1684 1160 et
1701 1135 1764 1160 su-

994 1183 1061 1220 per
1086 1173 1155 1209 isto
1190 1171 1312 1218 lapide
1344 1181 1383 1206 se
1418 1181 1618 1224 parumper
1639 1182 1765 1224 ‘appo-

996 1220 1138 1265 ‹liavit3
1165 1219 1225 1255 hic
1249 1219 1318 1254 fuit
1344 1217 1405 1254 ubi
1431 1217 1483 1254 sic
1504 1217 1710 1254 crudelitei
1730 1222 1763 1255 et

996 1267 1145 1303 sortiter
1165 1277 1248 1303 eum
1269 1266 1514 1318 impulerunt,
1541 1269 1583 1301 ut
1604 1265 1767 1303 velocius

996 1315 1218 1357 ambularet,
1241 1316 1277 1349 et
1296 1323 1383 1349 eum
1405 1312 1509 1358 quasi
1531 1323 1682 1349 currere
1701 1324 1766 1350 co-

996 1367 1171 1408 egerunt;
1195 1361 1254 1397 hic
1268 1359 1524 1406 spoliaverunt
1543 1370 1628 1395 eum
1650 1364 1687 1397 et
1704 1372 1767 1397 nu-

995 1410 1192 1452 daverunt,
1221 1411 1257 1444 et
1277 1408 1336 1443 hic
1353 1418 1438 1443 eum
1456 1409 1576 1442 crucis
1598 1408 1765 1454 patibulo

995 1457 1222 1492 atfixeiunt:
1243 1458 1280 1491 et
1306 1459 1392 1490 tunc
1420 1464 1503 1490 cum
1526 1464 1662 1500 magno
1683 1455 1766 1492 cla-

996 1514 1100 1539 more
1114 1507 1150 1539 et
1164 1501 1412 1555 inundatione
1424 1501 1501 1537 laci
1502 1512 1673 1548 ymarum
1683 1513 1767 1549 pro-

997 1551 1162 1587 cidentes
1191 1549 1229 1585 in
1251 1548 1363 1585 iacies
1390 1560 1475 1585 suas
1498 1550 1765 1597 adoraverunt,

997 1603 1033 1634 et
1052 1598 1230 1634 osculatae
1252 1600 1338 1633 sunt
1357 1607 1522 1641 crucem,
1541 1598 1663 1633 adhuc
1680 1608 1768 1651 pre-

996 1645 1092 1682 tioso
1129 1644 1312 1690 sanguine
1345 1643 1587 1680 rubricatam.
1621 1644 1767 1682 Deinde

996 1697 1206 1739 surgentes,
1221 1697 1254 1728 et
1275 1702 1405 1727 tersus
1416 1691 1658 1737 sepulchrum
1678 1703 1766 1729 eun-

996 1744 1066 1784 tes,
1089 1751 1172 1776 cum
1196 1750 1303 1776 sexus
1320 1738 1375 1774 sui
1402 1738 1646 1785 fragilitatem
1667 1750 1766 1776 con-

996 1787 1220 1831 sideiarent‚
1243 1790 1280 1822 et
1310 1766 1607 1831 magnitudinem
1630 1787 1766 1833 lapidis

995 1837 1218 1878 recolerent,
1255 1833 1317 1879 qui
1351 1837 1427 1868 tam
1455 1843 1614 1880 magnus
1650 1834 1766 1871 fuisse

994 1883 1126 1925 fertur,
1148 1885 1190 1917 ut
1206 1879 1668 1925 vixavigintihominibus
1689 1892 1765 1918 mo-

994 1929 1070 1965 veri
1093 1932 1232 1975 posset,
1264 1929 1434 1963 dicebant
1455 1928 1503 1963 ad
1537 1929 1704 1974 invicem,
1728 1933 1766 1966 et

994 1977 1249 2023 colloquentes
1263 1986 1302 2012 se
1316 1979 1444 2011 mutuo
1460 1957 1763 2022 interrogabant,

994 2026 1076 2070 quis
1098 2025 1254 2059 revolvet
1279 2023 1383 2058 nobis
1408 2023 1568 2068 lapidem
1604 2023 1650 2058 ab
1673 2026 1765 2060 ostio

992 2073 1227 2115 monumentz,
1249 2074 1289 2106 ut
1328 2068 1470 2105 scilicet
1505 2070 1692 2116 possimus
1729 2071 1765 2107 in

994 2119 1086 2154 illud
1115 2117 1297 2165 ingredi?
1323 2118 1436 2160 Quasi
1458 2116 1657 2153 dicerent:
1683 2119 1765 2155 Non

990 2176 1189 2221 possumus
1200 2175 1268 2212 per
1280 2163 1532 2209 nosmetipsas
1546 2164 1762 2202 revolvere:

991 2216 1082 2249 Eiat
1096 2215 1233 2266 quippe
1246 2222 1400 2256 maqnus
1412 2212 1533 2247 valde.
1551 2212 1621 2249 Sed
1636 2223 1766 2258 quam-

989 2260 1044 2296 vis
1066 2259 1156 2296 talia
1183 2260 1367 2304 dicerent,
1388 2270 1463 2295 non
1484 2262 1612 2296 tamen
1630 2260 1678 2296 ab
1704 2260 1763 2296 in-

988 2311 1096 2354 cepto
1112 2307 1223 2343 itinei
1226 2318 1246 2343 e
1261 2308 1472 2351 cessabant,
1486 2307 1682 2344 credentes
1696 2309 1765 2345 Do-

989 2355 1090 2391 mino
1124 2365 1205 2391 esse
1229 2353 1423 2401 possibile,
1455 2354 1555 2400 quod
1587 2356 1762 2392 humanae

987 2401 1183 2448 fragilitati
1210 2402 1408 2438 videbatur
1443 2401 1686 2448 impossihile.
1715 2405 1763 2439 Et

985 2451 1219 2496 respicientes
1242 2449 1415 2485 viderunt
1443 2450 1646 2485 revolutum
1668 2451 1761 2496 Iapi-

986 2498 1080 2541 dem,
1104 2507 1171 2543 per
1190 2498 1388 2543 Angelum,
1405 2496 1467 2543 qui
1490 2497 1660 2542 praebens
1679 2498 1761 2533 Do-

985 2544 1088 2580 mino
1107 2555 1174 2580 suo
1194 2544 1431 2590 obsequium,
1447 2547 1602 2580 venerat
1619 2544 1666 2581 ad
1684 2554 1761 2581 ma-

986 2592 1244 2627 nifestandum
1267 2591 1403 2628 Christi
1432 2591 1758 2628 Resurrectionem

979 2639 1058 2685 jam
1081 2639 1247 2683 sactam;
1271 2643 1308 2675 et
1328 2638 1451 2684 ipsum
1469 2639 1656 2684 Angelum
1684 2639 1757 2675 Do-

988 2685 1077 2721 mini
1107 2686 1301 2723 sedentem
1335 2697 1447 2732 super
1467 2685 1631 2732 lapidem
1655 2690 1758 2723 extra

985 2737 1287 2769 monumentum.
1322 2736 1605 2770 Monumentum
1634 2737 1758 2778 potest

982 2780 1053 2816 diei
1087 2781 1293 2826 Scriptura,
1315 2781 1353 2816 in
1374 2792 1449 2827 qua
1467 2780 1648 2816 Dominus
1666 2780 1756 2817 olim

977 2829 1093 2874 jacuit
1118 2828 1244 2864 multis
1271 2828 1403 2874 figuris
1423 2827 1653 2873 occultatu53
1690 2828 1755 2864 sed
