1924 3157
417 126 467 160 DE
506 126 633 161 POENA
674 127 913 164 INFERNALI
949 128 1001 163 ET
1038 125 1202 161 GLORIA
1240 124 1459 161 COELESTI:
1700 129 1758 162 305

118 194 335 244 praeposita,
358 196 438 242 pari
468 200 556 234 ante
594 198 723 235 oculos
756 198 899 236 ultione

117 243 309 280 damnata.
334 256 350 276 ι)
374 243 479 280 Unde
494 249 530 281 et
545 245 711 282 Isidorus
727 259 739 281 ε
762 261 778 281 «
795 246 898 293 Ignis

115 290 299 337 gehennae
320 290 460 328 lucebit
479 291 628 329 miseris
658 294 705 330 ad
736 294 897 331 miseriae

115 341 374 385 augmentum,
387 343 429 375 ut
442 338 595 376 videant
610 341 708 377 unde
725 341 895 386 doleant;

115 395 192 422 non
229 385 278 422 ad
315 385 633 432 consolationem,
673 392 711 424 ut
746 389 898 426 videant

116 432 218 469 unde
236 434 438 479 gaudeant.
463 448 479 467 »
497 435 541 470 Et
562 434 742 480 breviter,
763 447 897 474 secun-

117 480 206 516 dum
238 482 513 526 Hieronymum,
538 485 642 518 tanta
668 483 740 519 erit
771 483 809 520 in
841 484 897 520 in-

114 527 222 564 ferno
242 527 299 564 vis
319 528 474 573 doloris,
487 529 586 576 quod
604 540 710 566 mens
729 531 777 567 ad
797 531 899 568 aliud

114 574 226 621 dirigi
260 585 338 611 non
368 579 502 621 potest,
530 576 601 613 uisi
637 578 684 614 ad
714 578 817 624 quod
845 578 899 614 vis

116 621 257 658 doloris
273 621 444 668 impellit.
463 624 564 667 Etsi,
587 623 747 670 singulis
766 625 900 662 diebus

114 668 250 715 quibus
269 673 381 706 erunt
399 669 565 707 damnati
585 671 623 707 in
643 671 796 709 inferno
815 676 898 709 tan-

113 721 192 752 tum
203 727 317 753 unam
329 716 532 764 lacrymam
545 719 776 756 materialem
794 720 899 757 emit-

112 766 248 809 terent,
271 764 491 817 plusexiret
518 776 627 812 aquae
649 777 717 813 per
742 778 899 814 proces-

111 821 195 848 sum
215 814 395 858 temp0r1s
414 812 461 848 ab
479 823 557 850 uno
574 813 766 859 damnato,
786 825 911 861 quam-

117 857 244 895 omnia
276 869 366 896 vasa
399 860 513 907 hujus
540 861 674 898 mundi
703 866 895 909 caperent,

111 905 188 943 imo
218 906 302 953 plus
332 917 446 953 quam
473 907 603 945 omnia
635 909 757 946 maria
787 920 896 956 aquae

113 953 345 991 contineant.
369 955 396 991 O
419 954 481 1001 pia
507 956 634 996 corda,
658 957 749 993 illud
770 957 896 994 inter-

112 1000 291 1038 minabile
325 1005 361 1038 et
392 1003 557 1047 crudele,
582 1003 674 1040 illud
709 1009 895 1042 aeternum

109 1048 335 1095 supplicium
364 1049 553 1096 respicite,
582 1050 707 1097 lugete
735 1055 771 1088 et
792 1053 892 1089 flete.

111 1096 219 1132 Heul
263 1097 357 1133 heu!
397 1097 470 1133 Cur
505 1109 579 1134 non
615 1099 696 1135 haec
732 1099 895 1137 maxima

107 1143 238 1180 (utura
258 1144 368 1181 nobis
395 1144 494 1181 mala
522 1146 786 1190 praevenimus,
810 1158 894 1184 curn

110 1190 229 1227 robur
249 1191 369 1235 adest,
387 1197 424 1228 et
444 1198 593 1239 tempus
611 1196 896 1240 opportunum?

110 1238 262 1275 Utinam
284 1244 320 1276 et
341 1240 387 1276 de
407 1243 577 1287 tempore
604 1244 681 1277 toto
709 1242 895 1278 inutiliter

110 1296 286 1331 expenso,
315 1292 528 1334 superesset
558 1292 646 1327 tunc
686 1289 796 1326 nobis
836 1290 894 1326 vel

111 1343 185 1370 una
202 1334 337 1371 horula
356 1339 469 1371 tantae
488 1346 610 1382 poenae
631 1337 666 1372 in
683 1337 894 1373 remedium

109 1382 306 1418 concessa!
340 1383 412 1419 Sed
442 1383 534 1419 lieu!
556 1383 810 1421 sententiante
837 1384 894 1420 di-

109 1427 198 1466 vina
213 1430 373 1476 justitia,
391 1430 638 1477 praecluditur
654 1431 763 1468 nobis
783 1433 894 1468 salu-

107 1476 157 1513 tis
177 1477 249 1522 via,
271 1483 431 1524 negatur
451 1478 729 1523 misericordia,
751 1485 787 1516 et
808 1491 893 1526 spes

109 1524 231 1561 omnis
252 1530 307 1561 est
328 1526 467 1562 ablata.
489 1527 517 1563 Ο
541 1526 690 1562 dolores
716 1527 891 1573 miseriae,

109 1575 145 1608 et
166 1573 202 1608 in
221 1576 407 1610 aeternum
421 1584 678 1620 permansurae
694 1575 892 1621 angustiae,

107 1618 147 1656 in
183 1623 282 1656 terra
319 1620 393 1658 ista
429 1622 638 1667 oblivionis,
669 1622 733 1657 ubi
767 1624 893 1659 nullus

109 1667 211 1713 ordo,
233 1668 297 1704 sed
319 1671 560 1715 sempiternus
589 1670 717 1705 horror
749 1671 894 1706 inhabi-

108 1717 191 1751 tat!
211 1715 308 1759 Quid
328 1716 465 1763 plura?
484 1718 559 1753 Nos
580 1715 709 1753 miseri
731 1721 766 1753 et
784 1717 893 1754 mise-

106 1762 249 1799 rabiles
289 1767 436 1800 tantum
472 1768 562 1801 tunc
599 1764 815 1810 affligimur,
855 1769 892 1802 et

108 1809 277 1847 dolemus
297 1811 343 1848 de
369 1811 434 1848 illo
463 1822 518 1848 vae
549 1814 706 1856 aeterno,
725 1815 768 1848 ut
795 1823 890 1859 qua-

106 1857 317 1904 liscumque
330 1858 514 1896 terminus
528 1859 774 1906 excogitatus,
784 1860 891 1896 dum-

107 1905 220 1942 modo
240 1906 384 1951 finitus,
404 1912 504 1944 esset
527 1906 639 1944 nobis
662 1908 887 1952 solatiosus;

106 1952 222 1999 unde,
247 1956 384 2000 posito,
415 1965 481 2000 per
511 1954 760 2000 impossibile,
789 1956 890 2002 quod

107 2004 206 2037 esset
226 2001 362 2047 aliquis
385 2002 481 2048 lapis
510 2001 664 2039 molaris
690 2002 784 2039 adeo
806 2013 888 2040 ma-

105 2059 203 2094 gnus
219 2077 228 2093 ‚
265 2049 367 2095 quod
408 2050 753 2086 circumferentiam
805 2050 889 2087 coeli

107 2095 359 2143 contingeret,
385 2102 422 2133 et
442 2097 543 2144 quod
573 2097 699 2143 aliqua
727 2097 887 2143 avicula,

106 2142 271 2180 minima}
286 2145 520 2191 quantitatis,
539 2149 619 2191 post
637 2148 785 2181 centum
808 2145 888 2181 mil-

104 2190 155 2228 lia
173 2201 293 2228 annos
307 2193 472 2237 veniens,
489 2193 534 2229 de
552 2192 674 2238 lapide
691 2192 886 2239 praedicto,

104 2239 342 2276 solummodo
364 2251 429 2287 per
451 2244 614 2277 rostrum
633 2251 739 2276 suum
756 2240 888 2277 evelle-

105 2290 176 2330 ret,
198 2292 378 2333 quantum
405 2292 461 2324 est
493 2287 639 2324 decima
660 2298 748 2334 pars
776 2287 883 2334 milii,

105 2337 141 2370 et
173 2336 307 2370 iterum
338 2340 419 2381 post
447 2339 598 2372 centum
625 2335 741 2371 millia
759 2346 885 2372 anno-

104 2391 187 2417 rum
209 2382 393 2419 curricula
413 2383 509 2419 sicut
533 2382 638 2430 prius
657 2389 800 2429 ageret,
819 2384 887 2420 sci-

106 2428 191 2464 licet
213 2441 326 2465 unam
353 2430 575 2477 particulam
605 2431 651 2467 de
677 2432 823 2474 decem,
850 2434 885 2467 et

107 2476 160 2512 sic
182 2487 249 2523 per
269 2483 396 2524 partes
426 2478 628 2524 evelleret;
646 2477 700 2515 ita
719 2478 822 2524 quod
847 2479 884 2514 in

106 2523 230 2560 decies
264 2525 433 2561 centenis
466 2525 632 2562 millibus
668 2527 777 2562 annis
807 2536 885 2562 non

106 2571 189 2618 plus
215 2571 489 2610 diminueretur
515 2572 705 2620 quantitas
733 2572 884 2619 lapidis,

106 2618 178 2655 nisi
205 2625 388 2666 quantum
409 2621 524 2658 habet
551 2622 590 2658 in
621 2620 885 2668 magnitudine

105 2676 264 2714 granum
286 2668 397 2705 unlus
412 2668 504 2705 milii
527 2680 536 2705 ε
559 2679 621 2714 en,
640 2668 734 2715 proh
754 2668 881 2705 dolorl

105 2725 178 2751 nos
211 2715 340 2752 miseri
374 2716 535 2753 multum
567 2715 664 2764 grati
699 2726 882 2758 essemus,

105 2761 208 2811 quod
237 2766 324 2811 post
355 2766 434 2802 tam
469 2764 624 2812 longam
658 2768 696 2801 et
730 2765 882 2812 plenam

190 2826 282 2861 Vin
299 2828 321 2862 J
325 2838 387 2864 ssu
403 2829 559 2869 Cnmsrr,
574 2837 688 2862 'tonus
708 2827 772 2862 lv.

972 198 1299 245 consumptionem
1325 195 1441 234 totius
1470 195 1608 244 lapidis
1640 198 1755 237 finem

972 246 1130 282 haberet
1181 243 1372 281 sententia
1415 248 1557 282 nostrae
1603 249 1758 284 aeternae

973 292 1240 329 damnationis.
1269 292 1341 328 Sed
1374 292 1472 329 heul
1507 293 1589 330 haec
1621 294 1757 331 eadem

973 339 1179 376 consolatio
1216 338 1364 376 miseris
1395 350 1417 377 a
1452 339 1581 379 divina
1610 341 1760 389 justitia

972 387 1125 435 penitus
1148 390 1206 423 est
1226 390 1378 433 negata.

1022 449 1039 472 α
1063 436 1264 478 SPEctATm,
1286 444 1439 471 V1810N1s
1461 446 1592 473 mvnwe
1617 449 1758 476 cntu—

972 494 1044 519 τω.
1071 502 1117 510 -
1150 483 1272 528 Supra
1303 492 1437 518 omnes
1468 486 1594 521 autem
1629 496 1759 531 poenas

971 529 1124 573 inferni,
1167 532 1225 566 est
1262 530 1430 566 carentia
1471 529 1627 569 visionis
1665 532 1753 577 Dei;

972 576 1063 624 quia
1092 576 1181 613 mali
1209 587 1286 612 non
1318 579 1465 613 tantum
1495 577 1678 616 dolebunt
1711 581 1758 618 de

971 624 1054 671 ipso
1075 627 1280 668 tormento,
1303 633 1418 670 quam
1446 625 1547 670 quod
1569 627 1757 673 repellen-

971 675 1033 708 tur
1047 683 1068 708 a
1084 671 1150 708 tali
1167 673 1369 710 consortio.
1388 672 1493 708 Unde
1506 671 1632 719 inquit
1648 675 1759 721 Chry-

971 722 1148 756 sostomus
1179 731 1187 756 :
1230 733 1249 753 «
1280 718 1460 755 Nonnulli
1494 718 1758 766 imperitorum

971 767 1153 813 putabant
1169 766 1241 803 sibi
1258 777 1342 803 esse
1360 766 1452 802 satis
1469 768 1508 802 et
1524 768 1690 814 optabile
1706 770 1758 806 vi-

971 814 1067 859 deri,
1096 814 1127 850 si
1154 814 1328 861 gehenna
1357 815 1620 867 tantummodo
1649 826 1756 854 care-

970 866 1055 898 rent
1061 874 1072 907 3
1089 872 1158 908 ego
1172 865 1298 899 autem
1310 861 1428 898 multo
1437 871 1632 907 grawores
1645 874 1758 911 quam

970 909 1153 955 gehennae
1182 909 1265 946 dico
1292 918 1376 945 esse
1409 908 1610 955 cruciatus,
1634 921 1758 948 remo—

969 957 1048 993 veri
1073 960 1111 994 et
1140 956 1252 1004 abjici
1279 957 1326 993 ab
1356 955 1422 992 illa
1451 955 1584 1003 gloria.
1606 959 1758 995 Excludi

969 1004 1016 1040 ab
1037 1004 1213 1041 omnibus
1235 1003 1346 1041 bonis
1370 1013 1454 1049 quae
1482 1004 1628 1042 Sanctis
1654 1017 1759 1052 prae-

968 1056 1103 1098 parata
1132 1055 1220 1088 sunt
1254 1054 1403 1088 tantum
1431 1055 1589 1097 generat
1618 1053 1759 1091 crucia-

968 1103 1064 1144 tum,
1087 1102 1123 1136 et
1155 1103 1303 1135 tantum
1328 1097 1514 1143 dolorem,
1537 1103 1578 1135 ut
1606 1101 1754 1138 etiamsi

968 1148 1072 1183 nulla
1089 1157 1202 1193 poena
1218 1146 1449 1183 extrinsecus
1469 1145 1668 1184 damnatos
1683 1151 1756 1185 tor-

968 1198 1113 1239 queret,
1130 1195 1211 1230 haec
1224 1194 1305 1230 sola
1318 1192 1527 1237 sufficeret;
1545 1204 1677 1231 omnes
1691 1195 1701 1231 i
1731 1196 1758 1232 i-

965 1243 1027 1277 tur
1037 1242 1221 1287 gehennae
1234 1243 1385 1288 superat
1398 1240 1649 1278 cruciatus.Et
1659 1242 1693 1279 vi
1723 1254 1760 1280 e·

967 1293 1028 1324 tur
1054 1289 1208 1335 quidem
1242 1299 1319 1325 una
1350 1289 1615 1341 tantummodo
1642 1300 1758 1337 poena

969 1346 1051 1372 esse
1083 1336 1274 1380 comburi;
1298 1337 1329 1373 si
1370 1345 1460 1371 vero
1501 1335 1638 1382 aliquis
1675 1338 1756 1374 dili-

967 1387 1102 1429 genter
1119 1385 1318 1430 expendat,
1341 1381 1477 1429 duplex
1495 1382 1567 1419 hoc
1587 1384 1756 1423 inveniet

968 1442 1050 1467 esse
1069 1431 1307 1478 supplicium.
1332 1432 1401 1474 Qui
1423 1428 1525 1465 enim
1550 1429 1590 1467 in
1613 1433 1758 1479 gehen-

967 1489 1017 1514 na
1040 1478 1175 1521 uritur,
1196 1479 1379 1515 coelorum
1407 1487 1568 1523 regnum
1603 1489 1759 1526 prorsus

967 1525 1120 1572 amittit,
1144 1537 1228 1573 quae
1259 1529 1359 1563 certe
1385 1535 1499 1572 poena
1530 1526 1654 1573 major
1684 1532 1755 1574 est,

967 1583 1081 1619 quam
1103 1574 1291 1611 cruciatus
1309 1572 1373 1610 ille
1392 1574 1648 1610 flammarum.
1662 1575 1755 1612 Novi

966 1626 1107 1666 autem,
1128 1622 1308 1668 quoniam
1322 1618 1475 1668 plurimi
1498 1620 1618 1658 solam
1637 1622 1756 1669 perti-

967 1674 1136 1705 mescant
1158 1671 1389 1717 gehennam,
1411 1677 1480 1715 ego
1501 1670 1629 1705 tamen
1652 1669 1755 1708 illius

965 1715 1096 1762 gloriae
1133 1716 1379 1753 amissionem
1413 1713 1531 1752 multo
1570 1717 1753 1764 amarius,

965 1774 1078 1810 quam
1097 1763 1216 1811 ipsius
1241 1764 1427 1810 gehennae
1453 1761 1537 1815 dico
1559 1774 1644 1801 esse
1663 1775 1753 1813 sup-

963 1810 1131 1858 plicium.
1151 1811 1406 1848 Intolerabilis
1428 1809 1582 1857 quldem
1608 1823 1670 1848 res
1694 1817 1753 1850 est

963 1860 1152 1905 gehenna,
1180 1863 1218 1896 et
1253 1858 1479 1906 supplicium
1509 1858 1594 1911 ejus
1625 1860 1750 1897 horri-

962 1906 1050 1943 bile.
1078 1909 1269 1950 Attamen,
1291 1907 1323 1943 si
1342 1905 1447 1943 mille
1466 1905 1606 1952 aliquis
1630 1911 1748 1954 ponat

962 1954 1179 2000 gehennas,
1216 1954 1310 1991 nihil
1349 1954 1424 1991 tale
1461 1953 1630 1992 dicturus
1667 1959 1742 2001 est,

962 2002 1072 2048 quale
1091 2005 1147 2038 est
1161 2013 1183 2039 a
1198 2001 1320 2039 beatae
1335 2001 1436 2039 illius
1449 2000 1582 2049 gloriae
1597 2002 1742 2039 honore

960 2049 1135 2096 propelli,
1155 2060 1387 2096 exosumque
1408 2061 1491 2087 esse
1518 2049 1682 2095 Christo,
1705 2054 1742 2087 et

961 2097 1092 2134 audire
1122 2100 1168 2134 ah
1200 2097 1264 2134 illo
1287 2109 1295 2134 :
1314 2100 1525 2144 Numquam
1546 2100 1632 2133 novi
1656 2108 1742 2143 vos;

960 2150 1074 2190 atque
1108 2144 1255 2182 vultum
1289 2144 1395 2181 illum
1437 2145 1742 2182 mansuetudinis

960 2191 1186 2238 pietatisque
1205 2193 1372 2239 plenum,
1395 2203 1465 2229 nos
1485 2198 1615 2229 tamen
1635 2203 1745 2229 aver·

958 2244 1105 2275 sautem
1119 2240 1260 2286 videre,
1274 2251 1317 2276 ac
1335 2240 1418 2276 illos
1432 2240 1547 2276 totius
1562 2240 1744 2286 tranquil-

958 2286 1074 2323 litatis
1088 2291 1123 2323 et
1135 2287 1344 2323 dulcedinis
1355 2287 1744 2333 oculos‚nequaquam

958 2345 1026 2370 nos
1048 2334 1216 2381 aspicere
1244 2336 1485 2371 sustinentes.
1508 2336 1581 2372 Sed
1604 2345 1746 2381 nequa-

956 2393 1069 2428 quam
1089 2382 1188 2418 istud
1207 2387 1407 2428 pat1amur,
1421 2393 1442 2418 0
1463 2381 1658 2426 unigenite
1675 2382 1743 2419 Fili

958 2429 1037 2473 Dei,
1061 2440 1182 2475 neque
1198 2431 1437 2477 experiamur
1452 2429 1689 2467 intolerabile
1703 2430 1742 2466 il-

956 2477 1018 2512 lu‘l
1043 2477 1346 2523 horrendumque
1359 2477 1583 2524 supplicium
1602 2488 1610 2512 :
1628 2492 1641 2509 ι·
1660 2478 1741 2514 haec

959 2526 1248 2569 chrysostomus.
1279 2525 1383 2561 Unde
1409 2530 1446 2561 et
1471 2526 1706 2571 Auqustinus
1730 2536 1738 2561 :

959 2586 976 2606 α
1004 2574 1033 2608 Α
1053 2582 1168 2618 regno
1189 2572 1254 2609 Dei
1272 2572 1450 2618 exsulari,
1467 2583 1489 2609 a
1507 2565 1659 2608 civitate
1675 2572 1737 2609 Dei

957 2620 1129 2664 alienari,
1161 2630 1184 2657 a
1209 2620 1287 2657 vita
1323 2619 1472 2665 cadere,
1498 2623 1577 2656 tam
1613 2620 1738 2666 gravis

957 2671 1013 2704 est
1031 2677 1156 2714 poena,
1169 2671 1211 2704 ut
1221 2667 1255 2704 ei
1270 2667 1375 2705 nulla
1391 2667 1534 2714 possint
1548 2671 1740 2704 tormenta
1783 2678 1786 2683 ·

955 2725 1040 2762 quae
1069 2714 1258 2761 novimus,
1275 2714 1502 2762 comparari.
1524 2728 1543 2748 »
1567 2714 1671 2751 Unde
1701 2719 1738 2751 ct

957 2763 1154 2808 Greqorius
1186 2764 1442 2802 Nazianzenus
1470 2775 1477 2801 :
1508 2775 1526 2797 «
1549 2761 1613 2798 His
1645 2772 1735 2809 ergo

1614 2826 1654 2860 20
