1924 3157
292 180 345 215 DE
382 180 611 215 CONCURSU
648 179 809 215 Discit).
847 179 898 213 ET
935 178 1169 214 MULIERUM
1208 177 1264 212 An
1301 177 1613 212 SEPULCHRUM.

132 256 219 286 men
239 247 303 286 ille
322 260 396 286 non
419 247 492 287 nisi
517 249 556 287 in
584 251 658 288 ista
676 248 904 287 inveniatur.

133 295 238 333 Unde
256 297 529 343 chrysostomus
549 311 558 334 :
579 311 596 332 «
620 297 722 335 Multi
745 296 908 333 libenter

133 347 310 390 quaerunt
323 349 588 392 purpuratum,
598 346 663 383 sed
681 343 788 392 pauci
801 354 905 390 qua:-

131 394 222 427 runt
241 402 327 428 eum
346 393 564 430 crucifixum
578 393 633 429 vel
651 391 903 438 flagellatum;

133 439 198 474 sed
213 442 417 487 autequam
433 440 647 477 inveniatur
663 442 904 487 purpuratus,

134 485 256 531 primo
279 486 397 533 quaeri
420 487 765 533 debettlagellatus.
779 501 796 519 »
812 487 904 522 Mar-

133 543 199 570 cus
218 534 323 571 addit
348 546 356 571 :
379 537 624 579 Nazarenum,
647 539 683 571 ct
706 534 759 570 sie
784 532 905 579 tangit

134 591 272 618 nomen
302 592 345 618 ac
372 582 550 629 patriam,
574 586 610 619 et
631 580 902 619 conditionem.

134 629 178 664 Et
198 628 323 666 subdit
343 629 508 675 Angelus
529 641 537 666 ε
560 632 640 669 Νοη
660 633 712 666 est
740 630 810 674 liic,
833 627 905 664 sci·
938 625 939 671 ἦ

132 675 218 728 lieet
240 686 308 723 per
325 677 568 730 praesentiam
599 677 723 714 earnis
758 679 795 712 et
821 686 904 715 eor-

133 732 250 769 poris,
271 734 334 770 qui
367 734 550 770 nusquam
580 724 686 761 deest
711 734 778 771 per
801 734 907 773 prae-
939 725 941 750 ἲ

134 770 297 807 sentiam
317 771 524 808 divinitatis
536 776 572 808 et
586 771 814 818 majestati&
829 783 908 810 sur-
940 772 941 818 j

133 820 234 854 rexit
253 819 347 854 enim
364 829 428 864 per
442 818 732 864 humanitatem,
750 822 812 866 qui
830 818 909 856 nul·
941 848 943 865 ἢ

136 865 212 901 lum
243 875 371 903 casum
391 866 531 912 patitur
564 866 601 903 in
628 865 838 905 divinitate.
866 867 909 902 Et

135 912 241 949 addit
261 923 270 949 t
293 913 396 950 Sicut
421 914 534 956 dimit,
563 918 603 951 ut
631 913 829 952 reduceret
860 913 907 950 ad

137 960 361 997 memoriam
386 961 500 997 verba
525 962 662 998 Christi
690 962 788 999 dicta
821 964 908 999 ante
942 996 944 1002 .

136 1008 357 1044 Passionem
388 1018 508 1051 suam,
532 1014 571 1045 ut
604 1009 656 1046 sie
681 1009 799 1056 magis
826 1020 909 1046 cre-

135 1055 271 1091 derent
291 1056 626 1093 Resurrectionem
651 1057 734 1103 eJ'us
753 1058 832 1105 jam
854 1056 908 1093 fa·
944 1071 946 1081 >

135 1105 248 1147 ctam,
274 1101 507 1148 impossibile
528 1103 629 1140 enim
650 1107 707 1140 est
731 1115 806 1141 non
826 1102 909 1140 fieri

137 1149 239 1196 quod
259 1148 340 1196 ipse
361 1149 465 1186 dixit.
496 1151 609 1195 Quasi
631 1151 775 1188 diceret
798 1163 805 1188 :
833 1149 910 1187 Etsi
945 1145 947 1178 l

138 1196 231 1234 mihi
261 1206 338 1232 non
368 1198 535 1243 creditis,
562 1202 792 1235 mementote
820 1209 912 1234 ver-

136 1245 271 1282 borum
299 1243 413 1280 illius.
436 1245 580 1282 Deinde
599 1246 764 1282 ostendit
781 1246 835 1282 eis
854 1245 911 1281 lo·
946 1257 949 1283 ε

137 1302 238 1335 cum,
261 1290 390 1327 dicens
412 1303 419 1327 :
443 1295 571 1330 Venite
590 1297 623 1330 et
641 1294 762 1330 videte
782 1295 911 1338 Iocum,
948 1289 949 1334 J

137 1339 284 1376 scilieet
302 1348 477 1384 vacuum,
497 1341 561 1377 ubi
585 1343 729 1387 positus
751 1345 829 1378 erat
848 1344 916 1377 Do-

138 1389 275 1428 minus,
298 1386 370 1422 hoc
398 1393 470 1433 est,
493 1399 631 1436 corpus
659 1389 912 1425 Dominicum.

141 1435 246 1471 Unde
266 1434 564 1479 Chrysostomus:
590 1449 607 1470 «
631 1437 772 1483 Corpus
792 1435 916 1472 Domi·
950 1473 951 1482 ,

140 1481 193 1524 ni,
230 1483 407 1520 Dominus
436 1483 589 1529 dicitur,
622 1484 743 1520 deitas
775 1482 916 1520 etenim

142 1538 353 1576 numquam
386 1535 560 1577 separata
599 1531 668 1567 fuit
702 1541 724 1568 a
758 1541 916 1577 corpore
949 1541 953 1552 ⁴

141 1577 254 1614 etiam
277 1581 441 1614 mortuo.
461 1593 478 1610 »
497 1580 546 1615 Ae
568 1578 598 1614 si
617 1579 717 1615 dicat
731 1578 913 1625 Angelus:
950 1581 952 1607 ῑ

141 1624 264 1662 Vultis
289 1626 493 1662 certificari
524 1626 571 1662 de
600 1626 916 1663 Christi-Resur—
950 1635 953 1647 ’

141 1672 307 1709 rectione

141 1730 243 1756 eum.
267 1720 304 1757 Si
322 1720 446 1757 vorbis
468 1721 562 1757 meis
581 1732 656 1757 non
683 1721 852 1765 creditis,
867 1721 917 1756 vi-

142 1767 199 1804 sui
225 1772 260 1804 et
273 1779 390 1806 vacuo
410 1768 609 1815 sepulchro
630 1769 807 1805 credatis.
827 1769 915 1804 Pro—

141 1819 224 1862 pter
238 1816 310 1853 hoc
332 1815 430 1853 enim
448 1821 484 1852 et
505 1816 669 1862 lapidem
688 1816 914 1860 revolverat,

144 1868 183 1899 ut
212 1862 338 1901 locum
359 1863 591 1900 ostenderet.
616 1864 721 1900 Unde
741 1874 826 1900 cum
848 1874 916 1910 per

142 1910 358 1948 universum
369 1911 550 1947 mundum
563 1911 740 1947 fidelibus
752 1911 913 1947 dicatur:
950 1930 951 1943 1

142 1959 315 1997 Surrexit
324 1961 498 1995 Dominus
511 1960 554 1994 de
563 1960 840 2005 sepulclu·o,qui
847 1969 916 2005 pro

141 2007 246 2042 nobis
265 2007 443 2053 pependit
460 2009 499 2042 in
518 2008 631 2051 liquo.
653 2006 722 2042 soli
744 2005 915 2042 canonici

143 2054 321 2090 Ecclesiae
356 2053 657 2090 Resurrectionis
695 2053 915 2098 Dominicae,

143 2101 298 2147 speciali
320 2101 485 2147 gaudent
504 2101 770 2148 praerogativa,
793 2101 917 2137 diceu-

143 2152 214 2192 tes,
239 2153 277 2185 et
300 2149 347 2185 ad
372 2148 523 2184 oculum
551 2148 915 2185 demonstrationem
948 2154 951 2177 ³

144 2196 325 2233 facientes
341 2207 349 2232 ε
365 2197 538 2233 surremit
551 2199 725 2232 Dominus
740 2197 784 2232 de
798 2197 916 2242 sepul-

144 2245 242 2280 chro.
266 2243 447 2281 Similiter
464 2245 500 2279 in
518 2243 721 2290 Evangelio
743 2243 915 2280 Pascliali

145 2301 228 2328 cum
257 2291 394 2327 dicitur
423 2302 430 2326 :
459 2293 645 2333 Surrexit,
670 2302 740 2327 non
767 2295 820 2328 est
844 2293 915 2336 hic,
949 2311 951 2322 ÷

145 2339 326 2375 diaconus
338 2337 401 2384 qui
418 2338 506 2384 legit
521 2338 781 2385 Evangelium,
798 2338 916 2385 digito
949 2355 951 2371 1

145 2386 382 2422 demonstrat
405 2385 639 2423 Dominieam
668 2386 914 2432 sepulturam.

192 2449 212 2481 9
228 2435 302 2471 Con
321 2444 362 2470 ET
382 2445 553 2474 ououono
571 2444 776 2470 mscwunos
794 2445 830 2470 m
847 2434 915 2471 GA-

146 2492 283 2518 LiLAEAu
316 2493 555 2517 PRAECESSERIT
582 2481 772 2518 Domuus‘?
805 2502 848 2509 —
874 2483 918 2517 Et

145 2530 391 2575 subjungitur
411 2540 419 2564 :
442 2530 514 2566 Sed
532 2531 582 2564 ite
597 2530 836 2574 festinanter,
858 2529 916 2565 di-

144 2579 213 2613 eite
248 2578 443 2622 discipulis
478 2577 557 2621 eJ'us
594 2576 858 2621 communiter,
885 2580 918 2612 et

142 2626 248 2660 Petro
284 2622 512 2670 specialiter,
547 2626 637 2669 quia
673 2627 850 2663 surrexit,
885 2629 918 2660 et

141 2683 218 2708 ecce
233 2672 406 2717 praecedit
425 2683 483 2706 ros
502 2674 539 2706 in
553 2673 758 2713 Gulilaeum,
773 2673 917 2707 ibicum
950 2702 953 2725 ὅ

141 2720 331 2765 videbitis,
352 2720 447 2754 sicut
467 2719 567 2754 dimit
588 2720 688 2754 vobis
708 2722 797 2756 ante
826 2720 916 2756 Pas-
951 2732 953 2738 ⁴

143 2766 303 2811 sionem,
331 2771 365 2803 et
400 2766 485 2802 ideo
516 2766 716 2813 sequimini
738 2777 824 2803 eum
846 2766 917 2803 ibi-

144 2814 244 2850 dem.
268 2813 379 2858 Quasi
398 2813 543 2851 diceret
563 2826 569 2851 :
592 2816 670 2850 Non
694 2825 917 2852 concessum

333 1688 340 1710 :
368 1675 461 1709 Ecce
493 1674 594 1710 locus
617 1674 680 1710 ubi
709 1676 917 1720 posuerunt
950 1694 952 1729 ἦ

1709 169 1767 205 187

983 251 1040 286 est
1060 248 1167 287 vobis
1193 250 1265 287 hoe
1316 248 1469 286 audium
1502 247 1648 285 occulto
1675 255 1763 283 cor-

982 296 1040 332 dis
1072 298 1216 336 tenere.
1245 309 1282 333 se
1343 296 1517 333 similiter
1541 293 1759 332 amantibus

981 344 1163 390 pandere.
1186 345 1265 380 Non
1289 344 1378 380 dicit
1397 343 1633 380 amatoribus
1655 349 1760 378 mun-

981 391 1032 436 di,
1057 392 1121 427 sed
1145 391 1340 438 discipulis
1363 391 1514 428 Christi.
1541 389 1758 427 Secundum

982 439 1196 483 Greqorimn
1218 450 1320 482 vero,
1344 450 1420 475 non
1449 439 1535 475 sunt
1566 434 1755 484 discipuli,

980 487 1042 532 qui
1065 495 1150 522 eum
1170 497 1214 522 eo
1234 486 1377 522 l'asclia
1399 496 1472 521 non
1488 484 1655 528 saciunt;
1680 492 1756 520 non

980 537 1065 570 sunt
1104 531 1293 580 discipuli,
1319 533 1382 579 qui
1418 535 1518 568 retro
1552 530 1755 578 aspiciunt,

979 591 1076 627 quos
1099 580 1300 617 curiositas
1331 579 1416 616 vitae
1443 578 1600 624 detinet,
1629 578 1756 615 illece-

980 629 1049 665 bra
1079 627 1192 674 capit,
1215 631 1251 664 et
1285 625 1404 674 spina:
1430 627 1631 662 retrahunt
1651 635 1757 662 scan-

981 675 1166 712 dalorum.
1189 674 1242 712 Ibi
1267 685 1353 712 eum
1386 672 1577 717 videbitis,
1597 673 1634 709 iu
1667 682 1756 719 pro-

980 724 1123 770 pinqua
1156 721 1325 770 regione,
1349 725 1386 759 et
1415 720 1628 768 propinquo
1659 721 1757 773 tem-

981 781 1086 818 pore.
1113 771 1153 806 In
1172 770 1365 807 Galilaeam
1387 779 1475 805 vero
1496 770 1703 814 praecessu.
1719 768 1760 803 ut

984 817 1048 855 ubi
1076 817 1147 854 fuit
1181 817 1330 854 initium
1363 815 1577 863 splendoris
1609 813 1756 861 gratiae,

984 863 1035 902 ibi
1057 868 1155 902 esset
1175 864 1326 902 initium
1362 862 1574 910 splendoris
1602 861 1756 914 glori'ae;

983 912 1101 949 voluit
1127 911 1241 949 etiam
1271 909 1452 949 Dominus
1485 909 1700 957 specialiter
1721 919 1761 944 ln

986 960 1140 997 Galilaea
1173 971 1370 1007 apparere,
1393 962 1433 995 ut
1456 958 1598 994 veritas
1620 958 1760 993 Resur-

986 1006 1165 1044 recti‹›nis
1186 1008 1427 1054 probaretur,
1449 1006 1537 1052 quia
1565 1005 1616 1041 ibi
1647 1004 1760 1051 plura

987 1054 1169 1091 miracula
1182 1058 1237 1091 est
1250 1057 1442 1101 operatus,
1457 1052 1664 1099 etamplius
1677 1062 1763 1087 ron-

944 1100 947 1140 ἰ,
987 1104 1172 1146 versatus,
1206 1104 1243 1138 et
1277 1101 1360 1137 ideo
1400 1101 1535 1136 melius
1574 1099 1760 1145 cognitus.

987 1149 1207 1186 Mulieribus
1220 1160 1309 1192 ergo
1331 1147 1470 1184 dieitur
1486 1148 1532 1183 ab
1548 1147 1708 1193 Angelo,
1725 1147 1765 1181 ut

945 1179 948 1248 ἶ
987 1197 1164 1234 nuntient
1197 1195 1387 1242 Apostolis
1411 1195 1527 1231 vitam
1552 1203 1765 1239 resurgen-

988 1249 1080 1289 tem,
1108 1243 1211 1290 quia‚
1234 1243 1418 1280 suadente
1459 1241 1626 1286 diabolo,
1665 1251 1766 1277 mors

990 1291 1164 1329 nuntiata
1181 1291 1248 1328 suit
1266 1292 1354 1327 Adae
1377 1300 1443 1337 per
1456 1288 1668 1326 mulierem.
1690 1288 1765 1325 Un-

948 1339 950 1386 l
990 1340 1037 1376 de
1056 1341 1152 1376 sicut
1172 1338 1242 1376 fuit
1259 1348 1484 1387 progressus
1498 1336 1537 1373 in
1555 1337 1768 1384 primaten-

989 1386 1133 1424 tatione
1167 1385 1300 1423 mortis
1331 1397 1353 1423 a
1388 1385 1539 1422 diabolo
1564 1386 1602 1420 in
1624 1383 1768 1419 mulie-

991 1445 1086 1479 rem,
1109 1437 1146 1471 et
1172 1445 1192 1471 a
1223 1433 1381 1470 muliere
1414 1434 1452 1469 in
1483 1432 1629 1476 virum3
1656 1430 1767 1467 sicin

991 1482 1114 1530 prima
1128 1481 1419 1518 annuntiatione
1436 1482 1535 1525 vitae‚
1551 1478 1662 1515 fieret
1679 1488 1767 1525 pro-

992 1541 1144 1576 gressus
1166 1539 1174 1565 :
1198 1531 1244 1566 ab
1265 1528 1409 1575 Augelo
1436 1527 1475 1564 in
1497 1526 1709 1570 mulierem,
1732 1527 1769 1562 et

992 1588 1014 1614 a
1051 1576 1210 1614 muliere
1242 1576 1279 1613 iu
1316 1575 1429 1612 viros.
1458 1574 1601 1612 Dicitur
1641 1578 1768 1610 autem

992 1624 1207 1672 specialiter
1228 1635 1236 1660 z
1260 1626 1307 1660 Et
1333 1625 1439 1660 Petro
1461 1635 1471 1658 ε
1503 1627 1583 1658 tum
1613 1624 1768 1668 propter

991 1672 1311 1720 principalitatem
1333 1673 1431 1707 inter
1451 1669 1673 1716 discipulos,
1687 1672 1767 1705 tum

993 1731 1039 1756 ne
1054 1720 1275 1767 desperaret
1287 1719 1331 1755 de
1348 1717 1670 1754 reconciliatione.
1682 1726 1766 1762 pro-

991 1770 1075 1814 pter
1105 1766 1407 1813 magnitudinem
1439 1764 1581 1811 peccati
1616 1766 1768 1816 aposta5

950 1829 951 1833 ¹
983 1816 1072 1859 siae,
1094 1818 1173 1851 tum
1198 1826 1244 1851 ne
1275 1815 1322 1851 ad
1348 1811 1592 1860 praesentiam
1619 1812 1767 1847 Domlni

991 1873 1105 1910 quem
1126 1864 1344 1908 negaverat,
1367 1864 1402 1898 et
1423 1861 1471 1897 ad
1485 1859 1689 1905 discipulos
1709 1867 1768 1895 ve-

991 1910 1074 1947 nire
1095 1911 1314 1956 trepidaret.
1338 1909 1446 1952 Quia,
1460 1912 1501 1944 ut
1518 1907 1571 1944 ait
1591 1909 1769 1951 Hierony-

991 1969 1084 2002 mus,
1105 1969 1145 1994 se
1165 1957 1364 2004 indignum
1382 1954 1578 2002 judicabat
1604 1953 1767 2000 discipu-

991 2005 1084 2049 latu,
1123 2006 1212 2041 dum
1251 2009 1309 2040 ter
1342 2004 1493 2050 negavit
1529 2001 1764 2048 Magistrum.

992 2054 1097 2090 Unde
1118 2057 1154 2089 et
1176 2054 1372 2095 Greoorius
1392 2064 1401 2087 :
1432 2066 1443 2083 «
1468 2050 1504 2087 Si
1526 2051 1627 2089 hune
1649 2051 1767 2094 Ange-

992 2101 1050 2137 lus
1076 2100 1301 2137 uomiuatim
1336 2110 1411 2135 non
1439 2098 1681 2145 exprimeret,
1704 2095 1767 2142 qui

992 2148 1213 2193 Magistrum
1259 2151 1477 2194 negaverat,
1498 2145 1629 2182 venire
1668 2143 1767 2179 inter

991 2195 1198 2242 discipulos
1229 2206 1304 2231 non
1335 2194 1506 2231 auderet.
1531 2194 1698 2245 Vocatur
1724 2201 1768 2227 ex

948 2269 951 2281 Α,
991 2243 1209 2288 nomine,ne
1222 2243 1443 2289 desperaret
1462 2252 1505 2277 ex
1519 2244 1766 2285 negatione.»

992 2292 1111 2335 Unde,
1147 2291 1353 2327 secuudum
1386 2291 1658 2332 Hieronymum,
1681 2295 1767 2333 pec-

992 2343 1073 2375 cata
1094 2337 1289 2385 praeterita
1321 2348 1395 2372 non
1434 2338 1585 2379 nocent,
1615 2334 1767 2381 quando

992 2397 1068 2422 non
1103 2387 1267 2432 placent.
1298 2383 1502 2421 Videamus
1535 2385 1677 2426 autem,
1711 2391 1769 2417 se-

991 2434 1154 2470 cundum
1174 2434 1438 2478 Auyustiizum,
1457 2441 1524 2467 cur
1545 2431 1591 2467 ab
1610 2428 1770 2476 Angelo‚

992 2486 1029 2518 et
1048 2492 1070 2517 a
1099 2481 1255 2517 Domino
1278 2480 1421 2515 dictum
1447 2482 1517 2524 est,
1540 2477 1639 2524 quod
1675 2486 1769 2522 prae-

993 2529 1102 2565 cedet
1122 2539 1187 2564 eos
1212 2527 1249 2564 in
1283 2527 1496 2571 Gaiiliiram,
1518 2536 1602 2561 eum
1632 2525 1701 2560 hoe
1728 2524 1776 2559 sit

992 2580 1077 2623 post
1099 2576 1216 2612 multa
1237 2576 1485 2622 completum,
1509 2577 1545 2610 et
1565 2579 1694 2608 tumen
1717 2570 1772 2607 sic

995 2624 1230 2667 mandatum,
1259 2626 1300 2659 ut
1332 2625 1396 2659 aut
1428 2623 1499 2658 lioe
1536 2621 1676 2661 solum,
1706 2621 1774 2655 aut

995 2673 1065 2708 hoe
1087 2671 1250 2717 primum
1278 2673 1560 2717 exspectaretur
1596 2667 1679 2704 fieri
1709 2666 1773 2701 de-

999 2719 1137 2755 buisse.
1159 2720 1202 2754 Et
1228 2717 1399 2759 solvitur,
1429 2716 1635 2753 secundum
1661 2723 1775 2750 eum-

996 2767 1082 2803 dem
1100 2768 1366 2811 Auqustinum,
1383 2765 1487 2811 quod
1515 2764 1584 2799 hoc
1612 2761 1776 2808 prophe-

996 2813 1069 2851 tice
1088 2818 1126 2850 et
1144 2813 1395 2860 significative
1416 2816 1473 2849 est
1493 2809 1775 2856 accipiendum.
