1924 3157
165 209 224 242 332
530 209 674 243 INDEX
710 210 1065 246 EYANGELIORUM
1104 210 1417 246 DOMINIGARUM

322 279 365 315 In
388 279 531 324 Viqz'lia
547 280 769 326 Epiphaniae
778 307 786 316 .

1287 282 1394 316 Πενία
1415 284 1537 319 seoeta.

168 335 350 373 Defuncto
388 337 555 381 Herode,
596 338 760 384 Angelus
798 337 947 375 Domini
1021 339 1189 376 Audistis
1222 339 1312 386 quia
1343 340 1484 376 dictum
1510 346 1566 378 est
1590 343 1757 391 antiquis
1786 356 1795 380 ε

215 382 402 430 apparuit,
422 386 493 420 etc.
513 386 646 422 Matth.
671 398 705 422 2.
726 387 765 423 P.
787 385 819 431 Ι,
839 396 869 423 c.
889 389 944 430 14.

309 454 352 490 In
375 453 434 490 die
452 455 545 498 festo
566 456 801 502 Epiphaniae.

170 511 261 548 Cum
287 514 397 548 natus
419 516 514 549 esset
533 515 642 550 Jesus
667 513 707 550 in
726 514 947 551 Bethlehem

216 559 337 605 Judae,
355 562 426 596 etc.
447 563 581 598 Matth.
607 575 639 597 2.
664 562 704 598 P.
728 561 759 607 Ι,
779 572 812 597 c.
841 577 897 598 11.

215 631 405 667 Dominica
424 632 524 668 intra
543 632 717 688 Octavam
735 633 898 679 Epipha-

514 691 598 718 nzae.

168 737 260 774 Cum
273 737 381 774 Jesus
400 737 519 775 factus
536 742 637 776 esset
652 750 840 777 annorum
861 740 950 777 duo-

215 783 351 831 decim,
373 790 446 823 etc.
468 787 555 823 Luc.
580 800 612 823 2.
640 789 680 823 P.
702 788 734 831 Ι,
756 799 787 824 c.
813 791 866 824 15.

324 858 368 894 In
388 857 525 894 Octava
551 860 782 906 Epiphaniae.

166 913 279 951 Venit
299 916 410 952 Jesus
435 926 459 953 a
483 917 639 955 Galilaea
664 918 704 954 in
728 918 947 964 Jordanem,

214 964 287 998 etc.
308 964 424 1000 Maro.
447 979 479 1001 1.
503 965 545 1001 P.
564 965 596 1010 Ι,
617 976 647 1002 c.
673 979 729 1002 21.

236 1036 429 1073 Dominica
448 1038 485 1074 Π
498 1041 584 1083 post
609 1039 874 1085 Epiphaniam.

167 1092 314 1139 Nuptiae
333 1094 442 1132 factae
466 1099 553 1133 sunt
578 1097 617 1133 in
643 1099 745 1135 Cana
768 1099 945 1146 Galilaeae,

215 1144 286 1178 ete.
306 1143 412 1180 Joan.
438 1157 472 1182 2.
493 1146 534 1180 P.
558 1143 589 1190 I,
610 1156 641 1182 c.
666 1159 723 1194 29.

414 1215 606 1253 Dominica
626 1217 693 1254 ΠΙ.

168 1270 263 1307 Cum
283 1271 536 1311 descendisset
553 1276 642 1313 Jesu
660 1276 707 1313 de
720 1279 861 1324 monte,
875 1279 945 1315 ete.

213 1320 348 1357 Matth.
369 1323 404 1357 8.
427 1322 468 1360 Ρ.
492 1321 524 1368 1,
545 1333 577 1360 c.
598 1327 657 1367 41.

415 1396 607 1433 Dominiea
626 1399 692 1436 IV.

166 1451 399 1490 Ascendente
432 1455 519 1491 Iesu
550 1454 588 1491 in
617 1458 843 1507 naviculam,
873 1463 945 1499 ete.

213 1501 346 1538 Matth.
369 1503 405 1539 8.
427 1502 469 1538 P.
486 1503 519 1548 Ι,
541 1514 572 1540 c.
595 1507 654 1548 46.

425 1575 616 1611 Dominica
633 1577 678 1613 V.

168 1631 297 1669 Simile
327 1636 385 1670 est
409 1644 570 1681 regnum
597 1634 777 1673 coelorum
803 1637 949 1675 homini

214 1679 510 1773 (Clui62eminavit,
532 1685 604 1719 ete.
626 1684 759 1721 Matth.
785 1687 840 1721 15.
862 1684 947 1733 Ρ.Ι,

420 1803 611 1839 Dominica
633 1805 693 1841 VI.

167 1859 295 1897 Simile
329 1864 386 1898 est
420 1873 581 1909 regnum
614 1865 795 1901 coelorum
827 1875 947 1911 grano

214 1907 368 1956 sinapis,
392 1912 462 1946 etc.
485 1913 619 1948 Matth.
641 1915 694 1948 15.
720 1914 761 1949 P.
777 1912 809 1958 Ι,
832 1923 863 1950 e.
887 1917 946 1958 64.

270 1982 460 2018 Dominica
481 1985 519 2018 in
539 1984 830 2031 Septuayesima.

165 2037 295 2075 Simile
322 2043 378 2076 est
403 2051 565 2088 regnum
591 2044 772 2080 coelorum
799 2043 945 2080 homini

211 2086 490 2134 patrifamilias,
510 2092 581 2128 ete.
601 2093 736 2128 Matth.
760 2104 818 2128 20.
836 2093 876 2128 P.
892 2091 941 2138 H,

213 2144 245 2170 e.
269 2138 324 2179 14.

292 2207 483 2244 Dominica
503 2210 542 2245 in
562 2210 812 2256 Seaeaqesima.

161 2264 258 2301 Exiit
295 2266 358 2313 qui
398 2269 558 2305 seminat
590 2271 778 2308 seminare
814 2282 945 2309 semen

210 2323 333 2359 suum,
358 2317 426 2352 ete.
450 2317 537 2352 Luc.
564 2319 597 2353 8.
619 2319 658 2355 P.
679 2317 708 2359 Ι,
732 2330 764 2354 c.
788 2323 846 2363 64.

255 2382 447 2418 Dominiea
462 2384 501 2419 in
516 2384 847 2429 Quinquaqesima.

160 2439 369 2486 Assumpsit
383 2443 402 2478 J
407 2452 491 2478 esus
507 2443 705 2480 duodecim
724 2444 942 2492 discipulos,

207 2491 278 2524 etc.
299 2489 386 2525 Luc.
415 2492 468 2525 18.
498 2491 540 2527 P.
563 2490 613 2536 ΙΙ,
636 2502 667 2527 e.
693 2505 749 2528 21.

311 2554 419 2589 Πενία
440 2558 575 2600 quarta
599 2557 782 2594 Cinaram.

160 2610 251 2646 Cum
270 2611 462 2658 Jejunatis‚
485 2614 601 2652 nolite
623 2615 705 2652 fieri
728 2616 838 2664 sicut,
868 2621 940 2658 etc.

209 2660 344 2696 Matth.
363 2663 397 2695 6.
422 2661 462 2697 P.
488 2661 519 2706 Ι,
541 2674 572 2697 c.
595 2666 654 2699 56.

412 2727 519 2762 Feria
540 2731 684 2774 quinta.

159 2784 251 2820 Cum
287 2782 482 2822 introisset
518 2788 626 2823 Jesus
660 2790 939 2835 capharnaum,

205 2835 276 2868 etc.
297 2833 430 2869 Matth.
453 2836 487 2869 8.
512 2835 551 2870 P.
576 2834 606 2879 Ι,
629 2846 659 2871 e.
684 2839 741 2880 42.

1068 386 1209 432 Diliges
1229 387 1454 433 proximum,
1473 391 1542 425 ete.
1565 392 1697 428 Matth.
1720 395 1740 428 5
1765 395 1798 428 et

1069 437 1104 470 6.
1127 436 1167 470 P.
1186 432 1217 479 Ι,
1239 445 1270 470 c.
1291 438 1334 471 55
1357 438 1389 471 et
1410 438 1468 471 56.

1322 512 1497 550 Sabbato.

1000 613 1004 618 ¹
1020 571 1113 607 Cum
1132 581 1216 608 sero
1235 574 1347 617 esset,
1371 575 1451 608 erat
1470 573 1577 610 navis
1596 572 1637 610 in
1657 573 1796 619 medio,

1066 621 1137 656 etc.
1159 621 1274 656 Marc.
1299 622 1332 656 6.
1357 621 1398 656 Ρ.
1415 619 1447 665 Ι,
1469 631 1500 657 c.
1526 623 1584 670 69.

1113 696 1303 732 Dominica
1330 697 1626 744 Quadrayesimae
1647 699 1667 734 I
1691 711 1702 734 ε

1300 745 1501 781 Invocavit.

1021 804 1158 839 Ductus
1180 804 1237 839 est
1254 805 1362 840 Jesus
1385 803 1424 840 in
1448 804 1641 841 desertum
1667 815 1689 842 a
1715 805 1797 852 Spi-

1067 850 1157 897 ritu,
1178 853 1248 887 etc.
1270 853 1404 889 Matth.
1425 854 1460 896 4.
1487 854 1526 889 P.
1548 851 1579 899 Ι,
1600 863 1633 889 e.
1652 865 1709 889 22.

1256 928 1364 964 Πενία
1383 929 1554 964 secunda.

1022 987 1115 1024 Cum
1134 985 1281 1022 venerit
1300 986 1413 1023 Filius
1434 986 1598 1023 hominis
1620 987 1661 1023 in
1680 988 1798 1034 maje-

1069 1035 1166 1070 state
1180 1044 1261 1076 sua,
1281 1037 1352 1072 etc.
1372 1036 1480 1071 Matt.
1498 1037 1555 1072 25.
1568 1034 1671 1082 Ρ.ΙΙ,
1687 1045 1720 1073 c.
1739 1038 1796 1072 5ο.

1283 1114 1390 1150 Feria
1409 1114 1532 1150 tertia.

1021 1170 1114 1208 Cum
1128 1171 1304 1208 intrasset
1312 1173 1332 1209 J
1337 1183 1422 1209 esus
1432 1174 1451 1210 J
1456 1172 1717 1220 erosolymam,
1727 1175 1796 1210 etc.

1072 1221 1205 1259 Matth.
1230 1233 1287 1257 21.
1311 1222 1351 1257 P.
1371 1219 1421 1266 ΙΙ,
1444 1231 1475 1257 e.
1501 1223 1558 1257 26.

1066 1300 1173 1338 Πενία
1193 1301 1328 1345 quarta
1349 1299 1512 1341 Quatuor
1539 1299 1752 1345 Temporum

1255 1346 1564 1390 Quadragyesimae.

1019 1406 1269 1443 Accesserunt
1288 1405 1335 1440 ad
1353 1405 1372 1440 J
1377 1414 1482 1440 esum
1506 1403 1647 1442 Scribae
1670 1405 1798 1443 dicen-

1067 1456 1137 1499 teS,
1160 1456 1230 1489 etc.
1252 1453 1386 1488 Matth.
1407 1464 1464 1488 21.
1489 1453 1528 1489 P.
1551 1452 1584 1498 I,
1605 1462 1638 1489 e.
1662 1456 1721 1500 74.

1090 1505 1098 1511 ³
1269 1530 1376 1566 Πενία
1397 1531 1542 1576 quinta.

1021 1595 1202 1640 Egressus
1220 1593 1329 1629 Jesus
1350 1589 1505 1627 secessit
1523 1591 1562 1627 in
1581 1593 1710 1638 partes
1728 1593 1800 1640 Ty-

1068 1640 1114 1687 ri,
1136 1644 1208 1677 etc.
1229 1638 1363 1677 Matth.
1394 1641 1449 1676 15.
1474 1637 1516 1675 P.
1538 1637 1569 1684 I,
1591 1648 1624 1676 c.
1652 1640 1710 1687 89.

1287 1718 1395 1754 Πενία
1413 1720 1532 1756 seoeta.

1023 1781 1113 1816 Erat
1133 1779 1214 1815 dies
1229 1777 1345 1814 festus
1363 1777 1597 1823 Judaeorum,
1617 1782 1654 1814 et
1672 1788 1802 1815 aseen-

1071 1826 1138 1873 dit,
1156 1828 1226 1862 etc.
1246 1827 1351 1862 Joan.
1372 1827 1406 1862 5.
1427 1825 1468 1861 P.
1489 1824 1519 1869 I,
1541 1835 1572 1861 c.
1586 1827 1648 1872 78.

1322 1901 1496 1937 sabbato.

1018 1960 1228 2008 Assumpsit
1243 1963 1262 1998 J
1266 1971 1352 1997 esus
1370 1961 1537 2006 Petrum,
1553 1963 1591 1997 et
1602 1961 1800 2009 Jacohum,

1065 2012 1102 2046 et
1123 2011 1327 2068 joannem,
1351 2011 1422 2045 ete.
1438 2009 1571 2045 Matth.
1602 2023 1657 2055 17.
1686 2010 1725 2057 P.
1747 2009 1800 2057 ΙΙ,

1063 2068 1095 2094 c.
1121 2068 1155 2093 ο.

1134 2134 1325 2170 Dominica
1341 2134 1378 2169 Π
1396 2146 1407 2169 :
1425 2133 1680 2174 Reminiscere.

1016 2193 1229 2239 Assumpsit
1241 2194 1352 2229 Jesus
1371 2193 1537 2237 Petrum,
1553 2195 1590 2228 et
1601 2192 1798 2238 Jacobum,

1065 2245 1102 2278 et
1119 2242 1326 2324 goannem,
1350 2243 1421 2276 etc.
1436 2241 1571 2277 Matth.
1603 2254 1658 2287 17.
1684 2241 1725 2276 P.
1747 2239 1798 2286 11,

1064 2299 1097 2325 c.
1145 2317 1154 2326 .

1252 2366 1358 2400 Πενία
1386 2363 1558 2399 secunda.

1020 2423 1116 2461 Dixit
1149 2425 1259 2460 Jesus
1297 2422 1418 2459 turbis
1454 2423 1688 2469 Judaeorum,
1725 2426 1796 2460 ete.

1065 2473 1170 2508 Joan.
1195 2473 1228 2506 8.
1256 2472 1297 2508 P.
1321 2470 1352 2516 Ι,
1374 2481 1406 2507 c.
1429 2473 1487 2514 84.

1283 2550 1388 2584 Πενία
1409 2549 1530 2584 tertia.

1018 2609 1138 2653 Super
1184 2607 1402 2643 cathedram
1442 2606 1580 2653 Moysis
1618 2607 1799 2643 sederunt

1065 2654 1218 2701 Seribae‚
1240 2657 1311 2691 ete.
1333 2655 1466 2691 Match.
1487 2658 1542 2691 25.
1567 2654 1671 2699 P.II‚
1687 2665 1719 2692 e.
1736 2657 1794 2691 58.

1268 2734 1375 2769 Πενία
1396 2736 1545 2780 quarta.

1015 2791 1234 2828 Ascendens
1265 2793 1374 2828 Jesus
1408 2793 1695 2839 Jerosolymam,
1732 2803 1795 2828 as-

1062 2838 1236 2886 sumpsit,
1249 2842 1320 2876 etc.
1336 2841 1470 2877 Matth.
1485 2853 1542 2878 20.
1561 2841 1602 2878 P.
1617 2839 1666 2886 II,
1682 2850 1714 2877 e.
1736 2849 1799 2877 21.
