1872 3147
357 167 409 200 DE
447 168 582 202 Plinio
621 169 953 208 COMPLETORIO,
994 170 1034 202 ΙΝ
1078 169 1296 202 l'ASSlONE
1336 167 1506 200 boum.

107 242 185 279 prae
217 234 403 288 angustiis
437 241 722 283 superventurae
758 237 891 274 mortis

106 284 229 334 guttas
243 292 474 334 sanguineas
492 287 526 320 in
543 289 682 321 terram
699 285 888 329 tunderet,

106 328 350 366 nihilominus
372 335 497 367 tamen
519 332 638 369 libere
657 333 889 369 voluntatem

104 385 212 412 suam
244 378 425 414 voluntati
462 379 581 415 Patris
617 380 820 424 commisit,
839 385 889 424 et,

105 423 206 476 quod
245 430 426 471 coeperat,
448 427 582 463 devote
622 427 803 473 pert'ecit3
837 427 890 463 sic

104 470 264 516 quilibet
285 473 443 509 devotus
468 474 504 510 in
529 478 630 510 omui
650 474 892 511 adversitatis

103 527 283 600 pressura
294 526 406 566 atque
430 521 685 558 tribulationis
700 522 887 568 angustia,
924 532 927 563 ζ

122 570 193 601 icet
220 566 316 603 forte
339 572 513 604 naturam
539 569 792 605 reluctantem
816 571 890 605 ha—
924 593 926 596 <

106 612 205 652 beat,
219 624 257 650 se
275 619 442 661 paternae
466 616 648 652 voluntati
662 617 890 662 committat,

106 663 143 696 et
157 660 226 716 hoe
242 663 342 707 quod
357 663 672 708 occurrit‚devote
695 665 890 711 suscipiat.

107 705 135 744 0
151 719 211 763 pie
229 710 326 754 Jesu,
343 712 408 756 qui
427 713 551 755 factus
568 714 607 747 in
634 714 782 756 agonia,
805 713 892 748 clam

107 755 293 810 proivaeizts
312 769 448 803 orares,
471 763 595 802 (luctas
614 761 808 803 sanquinis
828 762 894 795 mi-

106 802 277 839 rabiliter
309 806 523 848 desudasti,
553 807 602 842 da
636 809 729 842 mihi
762 811 802 843 ut
836 818 893 843 re-

108 850 318 888 cordatione
337 858 406 890 tuae
428 856 616 891 Passionis
636 866 821 899 accensuS,
843 857 895 891 la-

104 907 311 942 crymarum
326 906 465 946 quitos,
481 914 547 948 pro
564 905 744 946 sanquine
761 905 799 938 in
815 914 894 939 con·

106 948 230 991 speetu
261 952 320 984 tuo
351 961 489 986 merear
515 950 672 986 dulciter
699 951 891 989 desudare.

159 1006 197 1028 12
221 995 296 1032 Cur.
321 997 483 1034 Domxus
504 1009 682 1034 ORAVERIT
702 1010 738 1033 ix
760 1010 892 1043 nomo,

105 1052 146 1076 ετ
166 1051 235 1093 noc
251 1055 402 1080 Tmpmci
420 1045 527 1082 vice?
553 1067 592 1072 —
613 1046 770 1092 Respice
792 1057 892 1082 nunc

104 1087 268 1134 qualiter
288 1092 469 1137 jacebant
501 1092 676 1140 discipuli
699 1093 893 1129 dormien-

104 1140 174 1181 tes,
197 1142 234 1174 et
253 1139 416 1185 qualiter
440 1140 622 1177 Dominus
649 1143 816 1176 ostendit
838 1141 893 1177 eis

105 1188 258 1239 modum
281 1188 412 1224 orandi
442 1190 479 1225 in
512 1195 622 1235 gestu
648 1188 833 1235 corporis,
858 1192 894 1224 et

107 1243 146 1268 111
164 1233 279 1272 verbo
301 1235 376 1282 pio.
401 1239 438 1272 ct
458 1247 526 1283 per
547 1236 734 1283 Angelum
755 1235 806 1272 ibi
824 1247 891 1283 ap-

105 1287 316 1328 parentem.
329 1283 446 1326 Quem
460 1284 672 1327 modum‚et
690 1287 744 1327 tu,
766 1286 894 1321 tenere

108 1329 238 1371 debes,
270 1330 414 1367 scilicet
452 1336 488 1368 te
525 1332 817 1378 prosternendo,
852 1342 895 1367 ae

107 1387 304 1425 proprlum
319 1378 511 1416 defectum
525 1383 562 1416 et
578 1378 823 1426 fragilitatem
840 1390 896 1415 re-

108 1426 388 1473 cognoscendo,
417 1432 452 1463 et
478 1427 649 1463 cadendo
686 1426 721 1462 in
759 1427 895 1463 faciem

110 1477 228 1519 tuam,
254 1485 331 1510 non
368 1479 452 1521 post
485 1474 619 1510 faciem
643 1486 650 1510 ;
676 1478 715 1510 ut
740 1485 784 1510 ea
812 1486 895 1520 quae

109 1531 223 1568 rogas
249 1532 378 1558 coram
400 1527 435 1558 te
456 1523 614 1566 habeas,
634 1525 671 1558 et
704 1521 742 1558 in
771 1527 895 1559 mente

109 1572 252 1614 teneas,
278 1580 354 1605 non
386 1573 502 1614 retro,
529 1576 569 1606 ut
597 1580 715 1606 unum
740 1580 805 1606 ore
835 1569 894 1605 di-

108 1618 244 1661 cendo,
269 1620 306 1653 et
339 1618 442 1654 aliud
469 1618 582 1654 corde
609 1616 837 1662 cogitand03
859 1620 896 1653 et

107 1668 147 1700 ut
173 1664 426 1701 humilitatem
451 1664 591 1701 mentis
619 1665 799 1701 ostendas
825 1668 893 1701 ba-

106 1712 187 1749 bitu
208 1713 391 1758 corporis,
415 1723 525 1749 casus
550 1712 651 1748 euim
679 1714 717 1749 in
749 1715 894 1748 terram

106 1759 216 1797 docet
238 1770 307 1796 nos
343 1762 462 1805 magis
483 1759 692 1802 humiliari,
714 1760 744 1796 si
766 1764 894 1805 posset

106 1807 207 1852 fietu
231 1811 268 1844 et
288 1809 388 1854 quod
411 1808 586 1844 voluntas
602 1807 725 1844 Patris
742 1816 894 1854 semper

109 1858 383 1903 praecedat;et
406 1856 508 1902 quod
547 1867 624 1892 non
657 1855 799 1902 tepide,
828 1855 895 1891 sed

109 1913 195 1940 cum
216 1914 354 1949 magno
373 1904 521 1940 fervore
540 1914 636 1946 ores,
653 1903 750 1940 sicut
771 1902 896 1939 Domi-

110 1961 180 1988 nus
220 1952 325 1996 secit;
348 1956 385 1988 et
416 1952 517 1997 quod
543 1962 621 1988 non
653 1961 798 1997 parum,
829 1950 895 1986 sed

112 1999 254 2045 prolixe
276 2003 313 2036 et
333 1999 522 2043 distincte,
546 2010 620 2035 non
641 1999 737 2035 sicut
758 1998 811 2034 illi
831 1997 895 2044 qui

110 2047 337 2084 festinanter
358 2048 474 2083 horas
496 2047 693 2092 solvendo,
714 2047 784 2082 etsi
818 2056 895 2081 non

110 2095 241 2140 verbo,
259 2095 357 2131 sacto
380 2100 504 2131 tamen
528 2094 656 2131 dicunt
679 2105 686 2130 :
715 2094 896 2139 Expedia-

110 2152 194 2178 mus
217 2153 286 2179 nos
308 2144 354 2178 de
371 2141 467 2187 istis,
488 2144 576 2188 quia
597 2143 779 2178 habemus
800 2142 897 2177 face-

110 2200 152 2226 re
171 2190 246 2226 alia
265 2189 381 2236 magis
400 2189 630 2234 necessaria,
651 2187 759 2236 quasi
788 2188 895 2224 sesti-

110 2242 243 2274 nantes
263 2239 311 2275 ad
333 2237 486 2274 utiliora
505 2241 541 2274 et
562 2239 722 2281 majora.
744 2238 790 2272 Et
814 2235 898 2272 vide

111 2286 301 2332 quomodo
326 2285 452 2322 statim
479 2286 602 2322 aderit
623 2284 689 2321 tibi
715 2284 896 2330 Angelus,

109 2333 173 2379 qui
201 2337 236 2370 te
257 2333 409 2380 adjuvet
427 2336 464 2369 et
482 2337 518 2369 te
540 2332 742 2376 confortet,
763 2336 799 2367 et
817 2342 899 2367 ora-

107 2381 249 2417 tionem
271 2385 376 2417 tuam
399 2382 473 2417 Deo
494 2384 716 2427 praesentet,
740 2384 898 2426 propter

107 2429 321 2475 exemplum
342 2431 444 2465 enim
463 2433 635 2464 nostrum
654 2428 715 2463 ille
731 2426 898 2471 Angelus

108 2475 283 2523 apparuit
298 2477 520 2512 confortans
536 2475 752 2512 Dominum.
764 2475 808 2510 Et
823 2484 898 2509 non

108 2524 239 2569 semel,
259 2524 325 2560 sed
349 2523 568 2570 frequenter
603 2528 659 2559 est
693 2522 896 2565 orandum,

109 2571 206 2608 sicut
230 2573 308 2618 ipse
331 2570 495 2607 ostendit
529 2569 639 2607 nobis
670 2580 736 2615 per
757 2570 898 2605 trinam

111 2619 323 2656 orationem
342 2628 448 2654 suam
484 2618 625 2654 docens
646 2621 686 2654 ut
708 2628 783 2653 non
803 2616 897 2652 defi-

113 2666 271 2709 ciamus,
302 2666 367 2702 sed
401 2666 438 2701 in
467 2666 639 2702 oratione
681 2673 901 2711 permanea-

115 2725 213 2759 muS,
236 2716 355 2751 donec
388 2713 636 2759 impetremus
659 2723 703 2748 ea
724 2714 809 2758 qfiae
834 2721 900 2757 po-

118 2763 260 2798 stulare
278 2762 358 2808 jam
386 2760 582 2807 coepimus.
606 2761 650 2796 Et
673 2764 727 2804 tu,
746 2769 813 2795 ora
833 2769 900 2805 pro

121 2809 292 2853 mortuis,
312 2819 379 2855 pro
406 2807 513 2850 vivis,
535 2811 612 2844 tam
640 2805 901 2854 peccatoribus

935 2749 938 2771 i

936 2819 939 2836 l

1710 162 1751 196 21

969 247 1081 283 quam
1098 236 1226 283 justis.
1250 237 1330 282 Vel,
1351 234 1473 272 oravit
1487 237 1558 274 ter,
1572 237 1612 269 ut
1630 236 1667 269 et
1688 243 1755 268 nos

968 286 1014 320 de
1056 286 1218 330 peccatis
1257 281 1458 330 praeteritis
1496 280 1669 324 veniam,
1707 280 1753 315 de

966 331 1219 378 praesentibus
1238 331 1556 373 emendationem,
1579 331 1615 364 et
1635 327 1680 363 de
1702 327 1756 362 su-

967 378 1060 420 turis
1098 379 1283 414 cautelam
1320 390 1342 415 a
1377 380 1452 414 Deo
1493 376 1755 423 postu1emus;

966 425 1039 468 vel,
1073 428 1112 462 ut
1147 427 1227 461 liceo
1258 426 1343 469 tria,
1379 424 1523 460 srilicet
1552 436 1559 459 ε
1585 422 1752 466 veniam,

967 472 1129 520 gratiam
1150 476 1187 508 et
1205 473 1381 519 gloriam,
1399 472 1436 508 in
1458 471 1630 508 oratione
1651 473 1754 516 peta-

968 532 1067 564 mus;
1092 520 1162 559 vel,
1189 524 1226 556 ut
1250 524 1382 556 contra
1412 519 1550 554 trinam
1575 516 1753 563 concupi-

967 567 1137 611 scentiae‚
1160 578 1226 603 seu
1258 566 1477 613 cupiditatis
1507 565 1754 601 tentationem

968 615 1150 651 orationis
1174 615 1305 661 clypeo
1332 620 1526 656 tueamur3
1550 613 1622 655 vel,
1647 616 1685 647 ut
1708 612 1757 647 ad

969 663 1208 705 Trinitatem,
1224 661 1364 697 scilieet
1383 661 1430 697 ad
1454 663 1665 702 Patrem‚et
1701 658 1759 695 Fi-

971 711 1076 754 lium,
1094 715 1130 745 et
1145 709 1325 756 Spiritum
1346 710 1525 745 Sanctum
1545 706 1756 742 orationem

971 758 1191 803 dirigamus.
1218 758 1288 792 Per
1308 757 1379 792 hoc
1405 758 1519 792 etiam
1541 753 1669 789 docuit
1692 764 1758 788 niis

970 817 1081 842 orare
1101 805 1285 852 pe1·s‹·cte;
1307 804 1396 850 quia
1428 801 1606 848 perfectio
1636 800 1758 835 consi-

971 855 1034 889 stit
1071 856 1107 888 in
1142 852 1274 896 tribus,
1295 851 1438 887 scilicet
1459 862 1466 885 :
1488 849 1525 885 in
1554 847 1757 895 principio,

971 901 1096 937 medio
1114 904 1151 936 et
1166 900 1253 935 fine.
1275 900 1498 945 Compatere
1520 907 1616 932 nunc
1638 896 1760 931 Domi-

972 959 1035 992 no,
1058 952 1094 984 et
1119 948 1309 984 admirare
1331 944 1663 993 profundissimam
1689 944 1756 978 hu-

972 996 1170 1032 militatem
1205 1005 1338 1038 suam;
1370 994 1460 1037 quia
1488 1002 1572 1028 cum
1598 992 1645 1027 sit
1682 992 1757 1026 Deo

973 1043 1073 1080 Patri
1114 1053 1181 1079 suo
1217 1041 1421 1087 coaequalis
1456 1044 1492 1076 et
1530 1043 1758 1082 coaeteruus,

971 1094 1184 1138 prostratus
1204 1093 1331 1126 tamen
1355 1090 1470 1125 Deum
1490 1090 1588 1126 orat.
1610 1090 1646 1122 et
1668 1089 1761 1122 tam-

973 1149 1087 1185 quam
1105 1137 1261 1184 quilibet
1277 1137 1322 1173 de
1340 1136 1475 1182 populo
1493 1133 1758 1170 homunculus

974 1189 1092 1223 Orare
1113 1185 1266 1231 quidem
1290 1187 1439 1220 Patrem
1462 1181 1638 1219 convenit
1657 1180 1763 1217 Chri-

973 1239 1030 1271 sto
1072 1233 1218 1270 ratione
1255 1230 1518 1275 humanitatis,
1540 1229 1576 1265 in
1606 1240 1679 1275 qua
1705 1231 1762 1264 est

973 1284 1098 1320 minor
1120 1282 1250 1325 Patre;
1273 1290 1349 1315 non
1368 1282 1494 1315 autem
1517 1277 1664 1313 ratione
1685 1275 1763 1311 dei-

972 1330 1073 1376 tatis,
1088 1330 1124 1365 in
1142 1339 1216 1374 qua
1237 1331 1293 1364 est
1315 1326 1473 1373 aequalis
1491 1326 1594 1362 Patri
1614 1338 1624 1360 .·
1647 1324 1761 1359 homo

973 1384 1081 1425 rogat
1104 1379 1270 1419 Patrem,
1291 1374 1356 1422 qui
1386 1378 1426 1410 ut
1459 1375 1555 1410 Deus
1583 1376 1639 1410 est
1666 1382 1764 1407 unus

973 1437 1056 1463 cum
1079 1428 1201 1462 Patre.
1217 1422 1422 1460 Considera
1439 1421 1553 1457 etiam
1569 1419 1761 1468 perfectis-

973 1474 1107 1510 simam
1140 1474 1221 1519 eJus
1248 1469 1518 1512 obedientiam,
1542 1468 1631 1514 quia
1658 1467 1758 1502 enim

973 1523 1085 1558 Pater
1109 1522 1185 1556 vult
1210 1519 1310 1565 quud
1333 1516 1532 1561 moriatur,
1553 1517 1632 1562 ipse
1663 1514 1760 1550 lianc

972 1569 1231 1606 obedientiam
1270 1569 1490 1601 reverenter
1530 1561 1687 1608 suscipit
1723 1564 1760 1596 et

972 1618 1202 1663 exsequitur.
1239 1613 1334 1649 Vide
1373 1612 1484 1648 tertio
1524 1609 1759 1647 indicibilem

971 1665 1018 1700 ad
1046 1675 1113 1699 nus
1136 1662 1348 1700 caritatem.
1377 1664 1454 1696 tam
1484 1658 1621 1702 Patris,
1644 1665 1757 1703 quam

973 1711 1072 1756 Filii;
1097 1721 1165 1757 pro
1188 1707 1298 1745 nobis
1320 1708 1423 1744 enim
1444 1708 1524 1743 haec
1545 1716 1647 1742 mors
1665 1703 1760 1740 indi-

971 1761 1067 1796 citur
1088 1757 1236 1795 Christo
1255 1761 1291 1792 et
1308 1756 1354 1792 ab
1367 1766 1412 1791 eo
1431 1754 1649 1798 sustinetur,
1673 1761 1760 1798 pro-

970 1810 1054 1854 pter
1076 1806 1232 1842 nimiam
1249 1804 1417 1851 ipsorum
1430 1803 1629 1839 caritatem
1647 1808 1761 1846 quam

970 1855 1019 1892 ad
1040 1865 1109 1891 nos
1128 1855 1282 1890 habent.

1023 1906 1062 1938 15
1086 1903 1230 1938 VIGILIA
1258 1901 1404 1937 CHRISTI
1423 1909 1465 1934 ET
1491 1900 1759 1934 Aposrommm

971 1960 1155 1987 nomime.
1190 1970 1229 1974 —
1268 1950 1367 1983 Tunc
1395 1951 1521 1983 autem
1551 1948 1634 1991 post
1664 1944 1759 1986 haec,

974 1997 1154 2035 Dominus
1191 1997 1302 2032 Jesus
1338 1997 1438 2030 venit
1471 1994 1520 2029 ad
1556 1992 1762 2038 discipulos

972 2056 1068 2086 suos,
1089 2049 1122 2080 et
1140 2043 1247 2090 quasi
1268 2041 1501 2088 compatiens
1515 2040 1583 2084 eis,
1603 2042 1763 2087 propter

973 2092 1222 2130 tentationem
1242 2092 1287 2127 de
1303 2091 1474 2137 proximo
1492 2089 1544 2124 eis
1562 2086 1764 2123 imminen-

974 2146 1064 2184 tem,
1079 2141 1180 2175 dimit
1197 2141 1248 2174 eis
1267 2151 1277 2173 :
1293 2139 1455 2174 Dormite
1471 2137 1552 2181 jam
1570 2139 1603 2171 et
1622 2134 1764 2185 requie-

973 2191 1074 2224 scite.
1097 2186 1212 2231 Quasi
1241 2187 1414 2222 diceret:
1442 2186 1578 2220 Parum
1605 2183 1763 2228 potestls

975 2236 1113 2272 facere.
1133 2233 1201 2278 Qui
1220 2233 1362 2269 ibidem
1381 2230 1657 2277 aliquantulum
1679 2228 1765 2264 dor-

975 2285 1155 2319 mierunt.
1168 2281 1281 2317 Jubet
1298 2291 1361 2316 eos
1376 2278 1543 2315 dormire
1561 2290 1568 2313 :
1585 2280 1626 2313 ut
1641 2280 1763 2312 osten-

974 2331 1039 2367 dsit
1059 2340 1165 2366 suam
1184 2328 1231 2364 ad
1250 2339 1315 2364 eos
1335 2325 1649 2372 compassionem,
1672 2323 1762 2369 quia

975 2377 1119 2425 gravati
1142 2378 1275 2419 erant;
1293 2378 1329 2411 et
1349 2378 1389 2410 ut
1405 2378 1634 2420 cognoscant
1652 2380 1762 2407 suam

974 2424 1250 2466 infirmitatem,
1275 2423 1363 2469 quia
1390 2432 1475 2458 cum
1503 2420 1581 2467 ipso
1604 2419 1763 2470 vigilare

975 2484 1050 2509 non
1078 2474 1277 2518 poteraut;
1306 2474 1343 2506 et
1370 2472 1410 2506 ut
1435 2478 1566 2504 sumno
1601 2468 1761 2503 recreati

974 2521 1103 2566 fugere
1120 2522 1273 2566 possent
1291 2520 1336 2554 de
1355 2516 1534 2553 manibus
1551 2524 1684 2551 eorum
1699 2513 1763 2565 qui

976 2567 1104 2603 statim
1127 2565 1314 2603 Christum
1343 2569 1452 2601 erant
1472 2561 1640 2609 capturi3
1664 2565 1701 2597 et
1726 2570 1764 2594 1n

976 2616 1100 2661 figura
1131 2613 1233 2660 quod
1267 2614 1304 2649 in
1330 2611 1500 2659 proximo
1528 2606 1765 2660 infidelitatis

977 2673 1110 2699 somno
1137 2666 1247 2697 erant
1269 2658 1468 2706 gravandi.
1492 2656 1701 2694 Considera
1726 2665 1762 2689 1n

977 2709 1124 2747 Chri<to
1145 2707 1472 2744 mansuetudinem
1490 2704 1604 2750 piam,
1622 2705 1763 2749 quanto

978 2757 1078 2793 enim
1095 2756 1214 2803 magis
1234 2756 1515 2802 appropinquat
1529 2752 1577 2788 ad
1593 2754 1769 2791 mortem,

979 2808 1083 2841 tanto
1102 2804 1220 2851 magis
1235 2802 1403 2840 ostendit
1417 2800 1543 2838 cordis
1560 2797 1616 2835 sui
1638 2796 1768 2833 dulce-
