1872 3147
146 175 179 207 ¹4
615 173 821 207 srlctJNDAE
860 174 1017 208 PARTIS
1055 174 1193 208 CAPUT
1235 174 1306 208 LIX

145 245 320 283 naturali.
346 244 648 282 Contristabatur
671 242 783 279 etiam
806 242 920 280 Chri-

146 298 238 335 stus,
259 293 464 329 secundum
479 293 752 334 Hieronymum,
771 301 847 326 non
859 301 919 327 so—

148 342 224 378 lum
242 342 376 375 timore
397 336 630 374 imminentis
644 339 787 381 mortis,
808 348 919 384 quam

149 389 230 435 ipsa
251 391 382 423 natura
402 386 582 422 abhorret
602 390 639 421 et
666 390 832 429 recusat;
854 385 920 421 sed

149 439 185 471 et
197 438 350 480 propter
367 432 622 468 infelicitatem
634 433 753 476 Judae‚
769 435 806 468 et
816 443 921 468 scan—

150 483 276 518 dalum
296 479 582 526 discipulorum,
609 482 645 515 et
671 479 920 526 dejectionem

147 530 378 569 Judaeorum,
397 532 435 564 et
449 527 681 563 eversionem
697 527 919 570 Jerusalem,

150 577 328 612 misertus
348 574 406 610 his
426 579 463 610 et
482 584 713 620 compassus.
733 575 775 609 Et
795 584 922 620 possu-

150 633 235 658 mus
256 621 370 658 etiam
398 621 538 658 addere
560 621 660 667 quod
686 620 770 657 ideo
794 620 921 656 trista-

150 671 275 713 batur,
291 668 381 715 quia
398 667 582 712 praescivit
602 668 704 713 quod
726 672 800 704 tam
822 678 923 704 acer·

151 718 208 754 bae
231 715 413 752 Passionis
434 727 509 752 suae
536 715 684 762 flagella
711 720 747 751 et
771 716 926 751 vulnera

152 768 188 801 et
209 774 309 800 mors
331 763 580 807 amarissima,
599 764 637 799 in
658 763 784 798 multis
802 762 926 798 adhuc

152 811 265 848 hodie
291 810 436 846 miseris
468 814 505 846 et
530 809 727 846 obstinatis
753 813 924 855 peccato-

154 858 258 895 ribus
280 857 453 894 t'rustrari
469 858 663 894 deberent.
678 877 723 882 —
738 857 925 900 Secund0‚

154 905 356 950 assumpsit
376 915 554 951 pavorem
581 910 618 941 et
648 903 838 940 tristitiam
857 913 924 949 pro

155 952 262 989 nobis
282 952 462 988 membris
483 953 574 995 suis,
595 955 637 988 ut
663 950 740 996 ipse
777 957 926 987 nostras

154 999 327 1036 tristitias
348 999 385 1034 in
399 1009 437 1035 se
457 999 639 1043 vinceret,
657 999 751 1034 sicut
771 1001 808 1034 et
830 1007 927 1033 mor-

158 1051 232 1083 tem
253 1050 422 1083 nostram
444 1057 512 1082 sua
528 1050 649 1082 morte
669 1045 874 1089 destruxit3
892 1049 930 1080 et

154 1094 249 1131 sicut
270 1092 434 1140 suscepit
457 1096 707 1130 tentationem
731 1096 767 1128 et
783 1091 927 1139 passio-

155 1152 255 1184 nem,
279 1145 318 1176 ut
337 1151 406 1177 nos
426 1151 448 1177 a
469 1140 676 1176 tentatione
700 1143 735 1176 et
756 1139 928 1186 passione

154 1189 344 1226 liberaret.
372 1208 413 1213 -—
440 1187 563 1224 Tertio
586 1198 735 1234 quoque
755 1187 929 1233 hujusce-

154 1235 254 1272 modi
270 1245 446 1282 pavorem
463 1238 499 1271 et
512 1235 703 1271 tristitiam
714 1233 928 1278 assumpsit,

155 1283 262 1320 nobis
282 1283 321 1318 in
342 1283 574 1328 exemplum,
597 1286 633 1318 et
659 1282 699 1318 in
720 1281 931 1318 doctrinam

155 1331 352 1374 moralem,
374 1331 426 1366 uti
451 1331 631 1375 sequitur.

204 1381 226 1422 4
249 1380 319 1413 §nx
340 1388 551 1413 nocummm
567 1387 725 1413 MORALIA
739 1388 784 1413 Ex
805 1387 931 1413 TmsTi·

159 1437 217 1462 'rm
243 1426 390 1468 Domni,
424 1435 534 1460 AcTus
561 1435 865 1460 coxrommnoms
890 1434 931 1459 ET

161 1484 304 1509 onArio.
327 1491 373 1498 ——
394 1473 443 1507 Ex
460 1471 531 1507 hoc
551 1471 653 1507 enim
674 1472 846 1516 articulo,
868 1470 931 1517 qui

158 1523 213 1556 est
226 1518 370 1564 pavoris
387 1518 594 1555 ettristitiae
609 1520 830 1565 assumptio,
849 1519 932 1565 plu-

158 1578 200 1604 ra
225 1566 410 1603 habemus
429 1566 667 1602 documenta.
688 1567 852 1602 Primum
863 1569 932 1609 est,

162 1618 204 1651 ut
221 1625 291 1650 nos
314 1613 482 1659 exemplo
513 1614 650 1649 Christi
672 1613 860 1650 discamus
879 1614 934 1648 ti—

159 1672 284 1698 mores
315 1664 352 1697 et
372 1660 544 1696 tristitias
561 1671 604 1697 ac
627 1661 821 1706 passiones
842 1661 934 1696 alias

162 1708 201 1745 in
219 1709 327 1744 nobis
340 1707 579 1753 insurgentes
590 1707 695 1744 freno
711 1707 864 1744 rationis
879 1718 936 1743 co·

161 1756 305 1800 hibere,
327 1765 375 1791 ne
392 1764 513 1801 usque
531 1755 578 1791 ad
605 1755 769 1791 animam
786 1754 936 1802 pertin-

162 1806 272 1850 gant3
301 1802 367 1839 sed
398 1801 436 1837 in
467 1802 634 1839 inferiori
665 1807 770 1849 parte
801 1802 937 1838 animae

162 1851 229 1887 sub
257 1849 460 1886 voluntatis
485 1849 643 1896 imperio
670 1849 938 1897 constringan-

162 1900 236 1941 tur,
259 1900 299 1933 ut
319 1897 458 1932 dictum
479 1902 536 1933 est
557 1898 602 1933 de
623 1897 784 1933 Christo.
806 1917 851 1923 -
872 1898 936 1934 Se-

163 1944 327 1981 cundum
354 1946 424 1988 est,
449 1947 489 1980 ut
517 1945 597 1991 ejus
623 1944 791 1990 exemplo
818 1944 936 1980 disca-

164 2002 248 2028 mns
267 2002 336 2028 nos
356 1991 556 2037 desperare
579 2002 653 2028 non
673 1992 825 2036 debere,
847 1993 877 2027 si
898 2001 938 2027 a·

161 2038 342 2085 liquando
359 2042 530 2083 surrepat
548 2039 714 2083 tristitia,
733 2039 858 2083 timor,
880 2038 938 2074 vel

162 2086 451 2133 pusillanimitas
484 2085 522 2122 in
555 2086 735 2132 obsequio
762 2090 798 2122 et
824 2096 937 2133 opere

162 2133 301 2170 divino.
323 2133 427 2169 Unde
444 2134 498 2169 ait
517 2135 746 2178 Auqustz‘nus
766 2146 810 2169 :«
831 2132 938 2169 Mori·

164 2183 269 2217 turus
286 2182 456 2216 tristatus
470 2184 527 2217 est
539 2181 722 2225 Christus,
739 2184 777 2216 ut
789 2181 938 2217 doceret

166 2229 349 2274 Martyres
370 2238 456 2264 suos
475 2239 548 2264 non
564 2229 703 2265 debere
721 2228 936 2275 desperare,

164 2276 193 2311 si
213 2274 251 2310 in
273 2276 366 2311 hora
384 2275 568 2320 passionis
583 2279 754 2323 surrepat
771 2275 936 2320 tristitia,

132 2354 134 2358 .
166 2332 277 2369 quam
314 2325 441 2358 tamen
473 2322 636 2359 vincant.
660 2337 679 2356 »
711 2343 749 2349 --
772 2323 938 2359 Tertium

166 2373 237 2412 est,
267 2374 308 2405 ut
333 2380 401 2405 nos
425 2368 612 2406 discamus
635 2369 847 2406 contristari
873 2379 937 2414 pro

165 2415 344 2462 proximis
358 2416 688 2454 etnecessitatibus
704 2427 848 2462 eorum,
872 2418 939 2453 sic-

165 2466 204 2499 ut
217 2463 385 2500 Christus
400 2465 569 2499 tristatus
595 2464 676 2508 suit,
695 2475 771 2500 non
795 2475 863 2511 pro
882 2475 936 2505 se,

164 2512 227 2546 sed
243 2520 310 2556 pro
327 2510 423 2554 aliis,
442 2512 481 2545 ut
495 2511 635 2546 dictum
657 2514 711 2547 est
733 2511 938 2547 secundum

164 2567 281 2593 unum
298 2556 542 2593 intellectum.
565 2578 606 2583 -—
629 2558 808 2600 Quartum
829 2559 940 2594 docu-

163 2608 329 2640 mentum
357 2608 426 2648 est,
453 2608 494 2640 ut
519 2605 686 2650 exemplo
719 2605 851 2642 Christi
879 2605 936 2641 di-

164 2650 490 2688 scamustristitias
500 2654 536 2687 et
548 2651 781 2688 turbationes
792 2656 938 2689 nostras

163 2699 209 2735 ad
231 2700 349 2735 Deum
371 2709 453 2734 cum
479 2698 649 2735 oratione
670 2700 824 2744 referre,
845 2699 938 2736 sicut

165 2746 252 2783 fecit
270 2749 307 2782 et
327 2745 420 2793 ipse.
447 2747 536 2782 Nam
558 2745 684 2782 statim
706 2749 744 2782 ut
764 2746 907 2784 dixerat
928 2758 936 2782 :

168 2794 298 2830 Tristis
322 2796 375 2829 est
397 2793 521 2829 anima
546 2802 638 2836 mea,
660 2793 725 2829 ivit
748 2793 796 2830 ad
819 2804 937 2831 oran—

993 244 1096 280 dum.
1119 264 1162 270 —
1187 243 1365 287 Quintum
1395 243 1662 281 documentum
1690 246 1761 288 est,

994 291 1094 336 quod
1125 301 1195 328 nos
1215 291 1514 328 orarevolentes
1537 294 1682 334 devote,
1702 291 1764 327 de-

994 339 1126 375 bemus
1153 338 1328 375 secedere
1356 338 1403 374 ab
1424 338 1640 375 hominibus
1659 338 1706 374 ad
1726 348 1764 373 a·

994 386 1132 431 liquem
1171 387 1294 421 locum
1319 388 1518 430 secretum,
1547 386 1641 422 sicut
1677 385 1765 421 fecit

994 433 1177 477 Christus,
1209 434 1301 469 (lans
1326 431 1436 469 nobis
1462 433 1685 478 exemplum.
1717 451 1763 458 —

995 481 1144 517 Sextum
1177 483 1246 524 est,
1283 480 1382 525 quod
1416 489 1544 516 omnes
1574 478 1762 517 tristitiaS.

994 527 1266 572 tribulationes,
1288 536 1432 573 poenaS‚
1448 526 1708 570 adversitates,
1729 528 1767 561 et

994 574 1232 611 infirmitates
1253 578 1412 618 nostras,
1432 573 1578 610 etiamsi
1598 577 1767 619 petamus

995 622 1041 657 ab
1067 623 1120 657 eis
1159 621 1325 666 liberari,
1351 621 1448 657 sicut
1475 620 1643 658 Christus
1667 620 1766 662 fecit,

995 679 1143 714 semper
1162 673 1247 715 post
1265 668 1474 705 orationem
1488 668 1768 704 committamus

995 716 1178 752 voluntati
1193 715 1328 752 divinae
1345 727 1353 760 ;
1368 727 1410 753 ac
1424 726 1492 762 per
1505 716 1589 758 hoc,
1601 724 1664 751 eas
1673 723 1769 760 qua·

998 762 1028 799 si
1057 763 1095 799 in
1117 773 1180 799 cor
1195 763 1332 800 Christi
1353 773 1597 810 reponamus,
1618 764 1769 798 orantes

998 815 1038 846 ut
1055 810 1136 857 ipse
1163 821 1225 847 eas
1253 810 1291 847 in
1323 812 1464 847 unione
1483 821 1561 846 suae
1582 807 1772 845 Passionis

999 858 1182 902 perficiat,
1199 861 1235 894 et
1256 858 1410 894 otlerrat
1430 867 1493 893 eas
1507 858 1583 893 Deo
1604 854 1707 892 Patri
1722 853 1770 891 ad

998 905 1148 941 laudem
1172 908 1208 941 et
1228 904 1389 950 gloriam
1420 914 1541 940 suam.
1572 905 1616 940 Et
1635 913 1678 939 ex
1699 902 1771 938 hoc

1000 957 1138 988 nostrae
1154 952 1432 995 tribulationes,
1447 958 1560 997 atque
1577 950 1774 997 passiones

1001 999 1157 1035 multum
1179 998 1425 1035 nobilitantur
1441 1009 1449 1034 :
1475 1008 1560 1034 nam
1578 997 1674 1034 sicut
1687 997 1773 1032 Pas-

1001 1046 1056 1082 sio
1080 1046 1217 1083 Christi
1241 1047 1277 1081 in
1302 1046 1396 1082 coelo
1418 1049 1454 1082 et
1475 1046 1513 1081 in
1529 1048 1632 1082 terra
1651 1043 1776 1080 infini-

1000 1097 1079 1129 tum
1115 1093 1237 1129 attulit
1264 1094 1423 1129 fructum
1446 1104 1454 1137 ;
1493 1092 1545 1128 sic
1578 1101 1700 1140 poenae
1737 1092 1774 1126 et

1003 1140 1521 1187 quaecumquetribulationes
1535 1145 1687 1177 nostrae.
1703 1138 1773 1173 hoc

1003 1189 1114 1224 modo
1141 1187 1286 1224 Christo
1316 1188 1538 1231 commissae,
1573 1186 1613 1222 in
1633 1184 1772 1222 unione

1005 1235 1197 1271 Passionis
1220 1246 1310 1279 suae,
1330 1239 1407 1271 tam
1424 1234 1626 1271 fructiferas
1646 1234 1774 1275 erunt,

1004 1286 1044 1319 ut
1063 1282 1217 1329 Angelis
1238 1282 1277 1318 in
1299 1283 1393 1319 coelo
1415 1281 1590 1328 gloriam,
1607 1281 1720 1327 justis
1735 1279 1774 1313 in

1004 1330 1115 1366 terris
1127 1329 1317 1374 meritum,
1334 1328 1593 1376 peccatoribus
1609 1326 1772 1369 veniam,

1003 1377 1207 1424 purgandis
1233 1377 1430 1414 animabus
1455 1377 1650 1412 conterant
1678 1373 1772 1410 rele-

1004 1435 1151 1460 vamen.
1173 1445 1216 1450 —
1235 1426 1275 1459 ln
1294 1424 1536 1471 recogitando
1554 1422 1666 1459 istum
1682 1420 1776 1457 arti-

1005 1473 1127 1508 culum
1142 1471 1287 1508 studeat
1302 1473 1413 1508 homo
1429 1470 1670 1516 semetipsum
1684 1477 1776 1504 con-

1004 1520 1154 1555 tristare
1178 1529 1262 1555 eum
1285 1518 1499 1566 gemitibus,
1515 1515 1776 1563 compatiendo

1006 1566 1153 1603 Christo
1175 1566 1221 1603 de
1246 1576 1312 1603 sua
1338 1565 1491 1602 tristitia
1527 1567 1776 1615 propter-nos

1006 1616 1216 1660 assumpta;
1239 1617 1288 1660 et,
1311 1615 1341 1650 si
1361 1613 1399 1649 in
1417 1612 1544 1659 aliqua
1562 1611 1778 1647 turbatlone

1006 1662 1065 1698 vel
1096 1661 1322 1697 adversitate
1345 1660 1406 1702 sit,
1431 1660 1538 1696 uniat
1562 1658 1666 1694 illam
1685 1665 1776 1710 ‘eum

1007 1708 1162 1744 tristitia
1186 1711 1224 1745 et
1248 1707 1538 1744 adversitatibus
1559 1704 1710 1748 Christl,
1738 1704 1778 1738 ut

1009 1767 1051 1792 ex
1065 1754 1380 1803 unioneipsarum
1401 1755 1629 1797 dulcescant,
1645 1755 1682 1788 et
1701 1752 1778 1804 Deo

1009 1803 1047 1839 in
1071 1812 1218 1840 summa
1237 1801 1418 1850 patientia
1444 1801 1652 1838 redoleant.
1673 1798 1781 1834 D1cat

1010 1860 1098 1896 ergo
1119 1851 1199 1887 haec
1215 1851 1273 1887 vel
1295 1849 1354 1887 his
1377 1849 1538 1886 similia:
1559 1848 1708 1884 Domine
1727 1845 1783 1900 Je3

1008 1909 1051 1934 su
1073 1898 1225 1940 Christe,
1245 1900 1310 1944 qui
1327 1907 1392 1944 pro
1413 1908 1468 1933 me
1488 1897 1617 1932 misero
1637 1893 1783 1930 tristare

1010 1949 1043 1982 et
1056 1949 1199 1981 moestus
1217 1956 1291 1981 esse
1307 1946 1469 1987 voluisti,
1487 1944 1535 1979 da
1550 1942 1643 1978 mihi
1662 1948 1780 1976 omnes

1010 1995 1184 2029 tristitias
1205 2004 1302 2029 meas
1322 1993 1370 2028 ad
1392 1997 1425 2028 te
1440 1993 1581 2037 juqiter
1602 1987 1780 2034 suffer-rm

1010 2044 1119 2086 tuque
1139 2051 1198 2076 eas
1218 2041 1347 2076 unione
1374 2044 1443 2076 tuae
1464 2038 1627 2076 tristitiae
1647 2044 1783 2071 meeum

1008 2088 1171 2132 diqneris
1189 2088 1353 2134 sufferre.

1056 2138 1075 2171 5
1096 2136 1285 2181 Cnmsrus,
1310 2146 1466 2172 manens
1489 2141 1699 2176 msmpums,
1723 2141 1782 2166 sn-

1010 2193 1116 2218 oRsm
1150 2194 1254 2219 ORAT.
1281 2204 1324 2209 —
1346 2182 1489 2220 Deinde
1512 2179 1694 2217 Dominus
1711 2178 1782 2230 Je5-

1010 2240 1070 2265 sus
1085 2230 1211 2266 volens
1235 2241 1275 2266 se
1293 2231 1406 2266 etiam
1427 2231 1666 2275 sequestrare
1680 2236 1702 2262 a
1717 2228 1782 2260 tr1-

1009 2278 1079 2313 bus
1101 2277 1287 2324 Apo-totis
1305 2288 1432 2314 secum
1453 2274 1668 2321 assumptis,
1689 2271 1781 2309 dixit

1010 2323 1084 2359 illis
1112 2336 1120 2359 :
1148 2326 1331 2361 Sustinete
1357 2326 1428 2368 hic,
1453 2320 1721 2369 exspectando;
1747 2322 1780 2355 et

1010 2371 1164 2415 vigilate
1181 2383 1331 2416 mecum,
1350 2382 1426 2408 non
1446 2381 1530 2407 cum
1551 2367 1701 2406 diabolo
1720 2366 1780 2420 yel

1011 2429 1095 2454 cum
1118 2419 1271 2464 mundo,
1292 2424 1486 2464 tamquam
1507 2415 1616 2453 amici
1634 2425 1777 2462 specla-

1010 2465 1064 2501 les
1085 2476 1162 2512 prae
1183 2465 1331 2510 ceteris,
1353 2466 1415 2512 qui
1442 2465 1581 2502 debent
1599 2463 1638 2499 in
1660 2472 1778 2508 augu-

1011 2512 1092 2549 stiis
1113 2513 1288 2550 assistere
1306 2512 1448 2550 amicis.
1478 2511 1666 2550 Sustinete
1683 2519 1777 2556 pon-

1011 2559 1081 2595 dus
1112 2560 1345 2605 tentationis,
1367 2559 1566 2606 vigilantes
1595 2568 1618 2594 a
1645 2565 1777 2593 somno

1010 2606 1260 2653 infidelitatis,
1294 2611 1330 2644 et
1355 2612 1506 2654 torpore
1531 2604 1681 2646 mentis,
1714 2613 1776 2657 ne,

1011 2653 1230 2701 ingravante
1267 2654 1431 2699 diabolo,
1464 2655 1621 2700 obrepat
1656 2649 1774 2688 Vobls.

1013 2701 1154 2738 Ceteris
1175 2702 1327 2748 quidem
1341 2701 1437 2750 jussi
1456 2702 1587 2739 sedere
1600 2699 1665 2744 ibi,
1684 2707 1775 2745 qua-

1012 2748 1041 2784 si
1065 2748 1278 2795 inferiores,
1302 2751 1349 2788 ab
1370 2760 1493 2798 agone
1521 2748 1593 2785 isto
1622 2755 1776 2784 servans

1013 2805 1078 2832 eos
1097 2806 1249 2834 securos
1267 2809 1275 2841 ;
1299 2808 1365 2834 vos
1385 2799 1511 2834 autem
1529 2793 1635 2841 quasi
1656 2791 1775 2829 firmi-
