1924 3157
169 210 226 243 21¹1
597 202 803 236 SECUNDA«)
842 200 997 234 PARTIS
1038 198 1174 231 CAPUT
1214 198 1367 231 Lxxxt

177 279 288 316 initas
311 274 535 323 Apostolicis
553 276 606 309 est
627 274 815 309 substrata
834 272 949 308 vesti-

177 327 260 373 giis.
299 322 479 370 Apparuit
513 320 774 367 piscatoribus,
813 329 951 364 eosque

178 382 364 420 apparens
403 369 531 406 divisis
560 367 703 414 adjuvit
739 366 948 407 beneficiis;

181 421 288 458 adest
309 422 343 453 et
378 416 498 457 uobis,
521 426 603 452 cum
633 414 845 451 necessaria
869 413 951 448 vit-te

181 464 400 513 temporalis
416 468 518 500 recta
531 462 744 498 intentione
764 471 952 497 curamus.

177 515 362 561 justisque
386 510 523 547 nostris
537 509 728 546 laboribus
746 507 954 545 subsidium

181 560 351 607 adjungit
389 570 465 594 suae
486 557 652 604 pietatis.
675 558 857 602 Apparuit
895 565 952 589 re-

184 606 476 647 cumbentibus;
511 608 618 641 adest
656 607 690 639 et
724 602 830 639 nobis
873 611 955 636 cum

180 657 289 703 juxta
314 652 481 700 Apostoli
509 651 666 694 monita,
692 650 768 686 sive
805 649 958 700 mandu-

187 713 330 744 camus,
359 700 435 736 sive
456 699 634 741 bibimus,
657 698 734 733 sive
749 696 850 732 aliud
870 695 956 740 qmd

185 750 345 796 agimus,
375 746 501 783 omnia
528 746 566 781 in
592 744 751 790 gloriam
779 744 843 779 Dei
868 741 958 778 saci-

188 808 282 833 mus.
299 794 477 841 Apparuit
490 793 610 839 primo
627 789 959 834 inJudaea,deinde

187 845 226 880 in
249 842 417 885 Galilaea‚
445 844 529 887 post
553 840 634 874 haec
661 838 699 873 in
728 838 859 874 Judaea
880 847 960 871 rur-

185 902 281 930 sum,
311 889 371 925 die
412 899 484 933 quo
520 885 689 922 ascendit
726 885 764 920 in
795 884 958 926 eoelum3

186 939 318 975 adei-at
357 934 533 971 Ecclesiae
563 943 647 969 cum
684 931 805 978 primo
847 930 962 967 solius

187 985 294 1022 Judae
338 981 510 1018 terminis
552 979 814 1022 clauderetur;
858 978 964 1014 adest

190 1031 316 1074 modo,
334 1035 425 1066 'cum
448 1027 589 1065 Judaeis
610 1028 657 1063 ob
679 1027 825 1072 culpam
857 1026 964 1071 porfi-

192 1080 262 1115 diae
282 1076 484 1120 derelictis,
499 1073 782 1120 transmigravit
799 1073 847 1109 ad
865 1073 963 1109 Gen-

192 1130 268 1169 tes3
294 1129 328 1160 et
350 1123 472 1160 aderit
490 1122 529 1158 in
552 1122 690 1165 futuro,
713 1132 796 1157 cum
817 1124 905 1156 ante
926 1120 967 1154 fi-

192 1184 277 1209 nem
299 1170 414 1208 seculi
435 1173 644 1206 revertetur
663 1168 710 1204 ad
731 1168 914 1211 Judaeam,
931 1170 967 1201 et

192 1221 287 1257 sicut
306 1218 506 1265 Apostolus
528 1216 594 1261 ait,
609 1216 773 1251 intrante
793 1214 967 1251 Gentium

194 1265 446 1315 plenitudine,
481 1264 535 1300 sic
557 1263 680 1299 omnis
706 1263 821 1299 lsrael
843 1262 968 1298 salvus

195 1316 278 1351 erit.
314 1311 521 1349 Novissime
547 1310 622 1346 illis
642 1309 817 1356 apparuit
839 1319 967 1345 ascen-

195 1363 290 1398 dens
317 1360 358 1395 in
394 1359 553 1402 coelum;
581 1357 704 1393 aderit
734 1360 770 1392 et
793 1356 902 1393 nobis
930 1359 969 1391 ut

195 1419 281 1445 eum
296 1411 379 1454 post
394 1409 554 1442 mortem
571 1405 618 1441 ad
640 1404 753 1440 coelos
775 1403 879 1449 sequi
897 1413 970 1438 me-

196 1452 396 1498 reamur‚si
410 1457 497 1489 ante
513 1456 671 1488 mortem
685 1453 824 1487 eumin
836 1451 971 1486 Betha-

197 1503 298 1539 niam
311 1501 412 1538 unde
427 1499 610 1543 ascendit,
631 1498 667 1534 id
690 1502 746 1534 est
769 1498 807 1533 in
826 1499 970 1533 domum

195 1550 406 1587 obedientiae
418 1547 524 1593 sequi
535 1557 723 1582 curamus.
739 1547 818 1590 Ipse
832 1544 971 1581 etenim

198 1597 332 1634 coelum
353 1605 577 1632 ascensurus
605 1593 827 1629 Bethaniam
854 1591 970 1632 venit,

201 1644 289 1692 quia
309 1645 403 1679 sicut
434 1641 635 1688 Apostolus
656 1640 708 1676 ait
731 1656 738 1677 ;
767 1642 897 1676 Factus
919 1642 973 1674 est

199 1692 366 1728 obediens
381 1700 493 1735 usque
506 1689 554 1724 ad
571 1693 733 1727 mortem,
747 1692 894 1722 mortem
907 1698 972 1721 ctu-

203 1743 271 1775 tem
293 1739 422 1778 crucis,
433 1740 582 1782 propter
599 1735 695 1780 quod
713 1738 745 1770 et
762 1737 856 1770 Deus
873 1733 975 1769 ewal-

203 1788 296 1822 tavit
311 1786 430 1828 illum,
446 1787 479 1819 et
496 1784 647 1819 donavit
663 1783 722 1817 illi
739 1793 865 1817 nomen
881 1781 977 1826 quod

204 1837 255 1869 est
267 1842 374 1878 super
385 1841 485 1866 omne
496 1841 639 1872 nomen,-
653 1828 824 1864 venimus
837 1828 977 1865 ibidem

205 1884 241 1916 et
254 1890 335 1920 nos,
346 1877 375 1913 si
388 1877 487 1923 quod
497 1876 558 1913 ille
567 1879 693 1912 monet
707 1875 865 1922 agimus,
877 1875 978 1922 quod

205 1925 379 1974 promisit
396 1924 640 1961 intendimus.
662 1925 748 1959 Esto
759 1923 891 1968 fidelis,
911 1922 976 1966 ait,

208 1984 322 2019 usque
339 1973 388 2008 ad
406 1975 567 2012 mortem,
581 1971 713 2007 ctdabo
725 1972 794 2006 tibi
814 1981 978 2006 coronam

208 2024 304 2057 vitae.
334 2019 390 2056 Fit
419 2029 569 2065 quoque
603 2017 721 2064 ipsius
757 2019 880 2064 gratia
904 2018 978 2052 lar-

209 2069 349 2115 giente,
372 2067 490 2112 utqui
508 2065 704 2102 nobiscum
721 2076 840 2111 usque
861 2065 909 2101 ad
924 2063 978 2099 vi-

209 2121 257 2151 tae
280 2115 391 2161 huJus
410 2112 613 2149 terminum
629 2116 767 2149 manet.
785 2113 980 2158 posthanc

212 2174 280 2199 nos
296 2162 410 2197 vitam
431 2160 479 2196 ad
490 2160 652 2196 videnda
672 2171 798 2196 secum
820 2159 980 2195 coelestis

211 2210 297 2246 vitae
315 2207 472 2255 praemia
495 2207 663 2244 sublevet
689 2219 696 2242 2
722 2223 737 2239 »
764 2208 843 2243 haec
867 2207 978 2243 Beda.

259 2260 277 2292 5
305 2258 611 2300 meouaosssmffi
638 2266 801 2290 pascuas
824 2265 981 2290 (numum

212 2316 252 2340 ET
274 2315 439 2339 DEVOTIO.
462 2324 505 2328 —
527 2302 628 2338 Sicut
653 2313 742 2348 ergo
765 2303 982 2348 quadrage-

212 2351 359 2395 simam,
383 2350 435 2386 sic
457 2354 493 2386 et
509 2349 860 2396 quinquagesimam
881 2348 984 2385 Chri-

213 2403 291 2434 stus
313 2397 420 2433 nobis
451 2396 624 2440 sacravit,
662 2401 700 2432 et
736 2407 804 2432 nos
824 2399 982 2441 utraque

212 2444 449 2481 solemnitate
466 2443 620 2490 mystice
640 2443 824 2487 institui1.;
845 2443 890 2479 de
906 2443 982 2489 qui-

211 2493 280 2529 hus
298 2492 408 2527 simul
428 2493 526 2527 Beda
551 2491 603 2527 sie
623 2490 675 2527 ait
698 2503 705 2526 ε
738 2504 755 2525 «
780 2492 983 2536 Utramque

212 2549 302 2575 sane
339 2540 436 2573 hanc
478 2537 771 2581 solemnitatem,
816 2539 887 2573 hoe
926 2541 982 2573 est

211 2585 509 2633 quadragesimae
547 2589 584 2620 et
625 2584 946 2631 quinquagesimae
970 2614 979 2629 ‚

208 2644 283 2669 non
297 2631 553 2678 quorumlibet
568 2632 776 2673 hominum,
790 2632 854 2668 sed
866 2631 982 2677 ipsius

210 2679 359 2717 Domini
392 2690 436 2715 ac
471 2679 675 2715 Salvatoris
702 2679 819 2716 nostri
860 2678 982 2725 prima

209 2727 318 2765 nobis
338 2726 461 2763 sanxit
481 2726 699 2762 auctoritas.
729 2726 980 2772 Quadragesi-

210 2786 281 2812 mae
303 2773 476 2811 videlicet
496 2773 535 2810 in
564 2784 623 2818 eo,
660 2774 759 2819 quod
785 2773 919 2810 diebus
939 2784 982 2809 ac

208 2822 380 2859 noctibus
418 2820 669 2868 quadraginta
703 2820 901 2867 jejunavit,
943 2819 979 2855 in

1026 271 1170 306 deserto
1189 281 1196 312 3
1220 268 1390 313 victaque
1404 267 1567 304 versutia
1583 266 1796 312 tentatoris,

1027 316 1243 353 ministeriis
1279 316 1472 351 fruebatur
1507 314 1699 361 angelicis,
1732 315 1796 351 ubi

1027 375 1093 400 suo
1122 374 1189 399 nos
1221 363 1443 398 informaret
1474 362 1641 408 extmplo
1666 374 1673 397 :
1710 362 1799 407 quia

1026 422 1094 458 per
1117 409 1410 446 macerationem
1438 408 1563 445 carnis
1593 408 1801 445 adversarii

1029 457 1234 505 spiritualis
1273 456 1467 493 mat-binas
1499 456 1653 499 evitare,
1681 459 1718 492 et
1753 456 1800 493 ad

1029 505 1256 551 Angelorum
1310 504 1514 540 debeamus
1570 503 1801 540 consortium

1031 552 1239 598 pervenire.
1267 553 1381 587 Porro
1399 549 1719 596 quinquagesimae
1739 561 1802 586 no-

1031 600 1087 637 bis
1102 599 1238 646 gaudia
1255 598 1292 633 iu
1308 609 1351 634 eo
1368 597 1551 634 servanda
1566 597 1803 642 monstravit,

1034 648 1132 692 quud
1162 650 1245 693 post
1276 644 1605 681 Resurrectionem
1639 644 1804 692 scipsum

1034 693 1223 738 discipulis
1245 692 1382 734 vivum,
1400 693 1439 727 in
1460 691 1586 728 multis
1606 702 1804 738 argumen-

1035 741 1095 782 tis,
1118 752 1185 787 per
1202 740 1282 776 dies
1307 739 1553 786 quadraginta
1578 739 1752 786 praebuit,
1772 741 1807 774 et

1036 789 1120 824 illos
1141 799 1217 824 suae
1233 786 1444 833 frequentia
1460 785 1686 823 visitationis
1706 787 1807 822 laeta-

1036 836 1205 872 bundum
1224 836 1295 870 hoc
1317 839 1463 880 tempus
1479 834 1619 870 habere
1641 833 1741 877 tecit,
1764 844 1807 870 ac

1038 882 1223 919 festivum.
1253 884 1294 917 In
1320 893 1406 927 quo,
1435 892 1511 917 non
1537 881 1658 917 solum
1693 879 1808 917 suturi

1037 929 1151 966 seculi
1179 928 1329 974 gaudia,
1359 939 1441 975 quae
1469 939 1552 964 cum
1585 927 1649 964 illo
1681 938 1810 965 sumus

1040 977 1202 1013 habituri
1222 975 1477 1023 praesignavit,
1500 986 1630 1012 verum
1650 978 1687 1012 et
1708 975 1810 1012 inef—

1040 1024 1191 1061 fabilem
1215 1024 1313 1060 circa
1344 1034 1414 1059 nos
1450 1034 1526 1059 suae
1546 1023 1696 1070 pietatis
1719 1023 1811 1059 affe-

1041 1076 1141 1108 ctum
1167 1072 1344 1115 ostendit,
1370 1070 1432 1115 qui
1455 1070 1626 1117 deposita
1648 1071 1727 1117 jam
1749 1070 1808 1107 in-

1041 1119 1220 1155 firmitate
1242 1117 1423 1165 corporis,
1461 1122 1497 1154 et
1533 1129 1599 1165 per
1632 1120 1811 1154 Resurre-

1041 1165 1173 1203 ctionis
1194 1165 1368 1202 virtutem
1384 1165 1423 1201 in
1444 1166 1633 1202 coelestem
1653 1167 1812 1213 glorIam

1042 1216 1283 1258 commutata,
1324 1213 1502 1259 dignatur
1530 1217 1658 1250 tamen
1691 1213 1812 1249 adhuc

1043 1261 1310 1308 discipulorum
1334 1260 1516 1296 interesse
1551 1260 1720 1297 convivio
1746 1272 1753 1296 :
1777 1265 1815 1296 ut

1044 1308 1165 1345 socios
1195 1319 1258 1344 eos
1279 1309 1420 1344 habere
1438 1308 1556 1354 possit
1585 1309 1622 1344 in
1647 1308 1756 1352 coelo,
1779 1311 1814 1343 et

1042 1359 1232 1403 praecepta
1253 1355 1389 1401 quibus
1410 1356 1457 1391 ad
1473 1367 1632 1401 regnum
1650 1355 1716 1392 Dei
1734 1366 1814 1402 per-

1043 1403 1195 1440 veniant
1231 1403 1395 1439 vivacius
1432 1402 1512 1448 ipsa
1558 1402 1816 1439 familiaritate

1045 1450 1296 1489 commendet.
1317 1453 1428 1495 atque
1468 1449 1522 1486 sic
1558 1450 1740 1487 memoria
1770 1449 1815 1485 il-

1044 1498 1116 1534 lius
1133 1497 1314 1543 temporis
1325 1498 1490 1546 roboret,
1506 1498 1552 1533 de
1570 1508 1642 1544 quo
1660 1497 1715 1534 eis
1731 1500 1818 1533 ante

1047 1545 1263 1581 Passionem
1283 1555 1387 1580 suam
1406 1544 1660 1590 promittendo
1679 1543 1817 1592 proeni-

1046 1596 1182 1629 xerat:
1210 1595 1256 1628 Et
1293 1603 1354 1636 eqo
1394 1594 1545 1638 dispono
1582 1593 1697 1633 vobis,
1725 1594 1819 1628 sicut

1048 1641 1230 1686 disposuit
1248 1641 1340 1675 mihi
1357 1641 1465 1675 Pater
1484 1650 1581 1675 meus
1600 1650 1750 1684 reynum
1779 1643 1818 1674 uc

1049 1689 1167 1723 edatis
1186 1691 1218 1722 et
1242 1688 1376 1722 bibatis
1396 1698 1506 1733 super
1525 1698 1684 1723 mensam
1704 1697 1820 1722 meam

1049 1737 1088 1770 in
1107 1745 1216 1778 reqno
1237 1745 1311 1770 meo
1325 1746 1333 1778 ;
1348 1734 1413 1770 sed
1428 1740 1465 1770 et
1484 1734 1522 1770 in
1539 1735 1674 1771 coelum
1690 1745 1819 1770 asceu-

1051 1782 1145 1818 dens
1159 1792 1398 1827 nequaquam
1418 1782 1471 1817 eis
1485 1782 1617 1828 priscae
1638 1793 1714 1818 suae
1731 1791 1822 1826 prae-

1052 1830 1181 1865 sentiae
1218 1829 1454 1865 dulcedinem
1501 1829 1655 1866 abstulit
1682 1857 1690 1872 ‚
1733 1827 1820 1874 quin

1052 1876 1224 1912 eamdem
1265 1875 1400 1921 potius,
1438 1876 1621 1923 promisso
1662 1875 1822 1922 Spiritus

1053 1923 1823 1969 Sancticharismate,cumulavitDenique

1052 1982 1136 2007 mox
1167 1973 1254 2016 ipsi,
1276 1971 1416 2006 scilicet
1443 1970 1611 2018 discipuli
1632 1971 1824 2007 adorantes

1051 2020 1207 2063 regressi
1216 2022 1301 2053 sunt
1320 2020 1358 2053 in
1368 2020 1579 2061 Jerusalem,
1594 2030 1673 2055 cum
1688 2019 1823 2063 gaudio

1052 2077 1202 2109 ῃιαῃηος
1219 2069 1252 2100 et
1267 2069 1369 2100 erant
1380 2068 1567 2112 semperin
1584 2067 1728 2112 templo,
1743 2067 1823 2101 lau-

1053 2114 1180 2149 dantes
1199 2118 1231 2147 et
1249 2113 1491 2148 benedicentes
1504 2116 1634 2158 Deum3
1647 2114 1717 2149 hoe
1731 2123 1824 2159 quo·

1053 2171 1127 2206 que
1146 2159 1255 2196 nobis
1270 2159 1420 2206 gaudio,
1436 2171 1478 2196 ac
1493 2160 1604 2197 laude
1621 2164 1658 2197 et
1672 2159 1823 2197 benedi—

1054 2206 1327 2243 ctionecoelesti
1354 2207 1826 2254 quaSpiritusSanctiprae-

1055 2255 1292 2290 stolabantur
1303 2254 1520 2300 adventum,
1535 2266 1650 2302 usque
1667 2256 1714 2292 ad
1726 2255 1824 2292 diem

1055 2301 1420 2348 quinquagesimum,
1449 2313 1562 2348 quem
1593 2302 1709 2338 Graeci
1729 2304 1825 2339 Pen—

1056 2352 1223 2385 tecosten
1254 2349 1458 2395 appellant,
1484 2349 1732 2386 solemnitatis
1752 2351 1826 2386 hu-

1052 2397 1113 2441 jus
1148 2396 1315 2432 laetitinm
1345 2397 1554 2433 docuerunt
1590 2408 1671 2434 esse
1704 2402 1826 2444 prote-

1057 2444 1221 2479 landam.
1263 2443 1393 2479 Merito
1431 2443 1542 2489 igitur
1580 2445 1826 2481 sacrosanctis

1058 2491 1115 2526 liis
1147 2490 1277 2527 diebus
1299 2501 1367 2527 nos
1393 2491 1598 2536 majoribus
1629 2492 1747 2538 epulis
1768 2496 1826 2528 at-

1057 2549 1128 2583 que
1149 2538 1298 2584 hymnis
1315 2538 1529 2574 coelestibus
1551 2549 1724 2574 vacamus
1747 2551 1755 2574 ε
1779 2540 1825 2575 ob

1057 2585 1306 2621 reverentiam
1328 2585 1533 2621 Dominicae
1563 2586 1827 2622 Resurrectio—

1058 2632 1128 2675 nis,
1156 2634 1202 2667 ob
1225 2632 1446 2668 memoriam
1484 2632 1668 2668 Dominici
1697 2633 1826 2668 couvi<

1057 2683 1138 2714 ctus
1160 2690 1243 2715 cum
1264 2679 1458 2726 discipulis
1472 2679 1594 2725 simul,
1610 2680 1702 2716 ctob
1724 2691 1826 2726 spem

1057 2727 1193 2778 suturae
1208 2731 1346 2763 nostrae
1361 2727 1509 2773 quietis,
1520 2738 1563 2763 ae
1579 2727 1662 2763 vitae
1677 2728 1829 2764 immor-

1056 2773 1154 2809 talis.
1179 2774 1250 2810 Sed
1262 2777 1299 2810 et
1319 2785 1416 2820 genu
1434 2774 1472 2809 in
1489 2773 1660 2810 oratione
1675 2773 1828 2811 minime

1056 2819 1261 2865 flectimus3
1291 2821 1379 2867 quia
1417 2821 1523 2857 flexio
1545 2831 1725 2867 genuum,
1747 2832 1828 2868 poe-
