1872 3147
343 131 393 164 DE
435 130 649 165 PASSIONE
689 130 842 164 DOMINI
881 130 1153 173 MEDITANDA,
1194 131 1235 164 ΙΝ
1271 130 1504 165 GENERALI.

1721 131 1742 164 Ἰ

106 196 377 243 tudinem,eta
394 199 542 237 cunctis
559 199 885 238 malisimminen-
919 206 923 254 Ι
960 203 1036 247 tur,
1069 201 1230 238 volvitur
1255 205 1293 239 et
1318 201 1642 247 circumflectitur,
1665 202 1737 243 huo

107 243 203 281 tibus
219 256 391 284 securam
412 248 702 295 protectionem.

152 306 172 339 7
192 294 377 331 NARRATJO
428 307 651 333 Annnnvniu
709 306 884 334 HISTORIAE

105 339 309 378 PAssmNis.
335 365 375 370 —
397 344 452 379 Ad
473 343 730 380 narrationem
754 342 883 388 itaque

103 388 286 433 propositi
311 392 548 428 accedamus.
581 390 617 428 Si
644 389 761 437 igitur
787 390 881 437 vigi-

104 435 228 487 lanter
260 438 455 474 attendisti
492 439 702 484 praemissa,
730 448 814 484 quae
836 438 882 474 de

105 485 181 535 vita
207 484 345 521 Christi
367 490 455 522 sunt
474 486 586 524 dicta.
609 486 669 522 hic
691 485 809 521 multo
828 485 881 521 vi-

103 529 283 575 gilantius
306 537 425 569 totum
441 543 608 579 apponas
627 532 810 577 animum,
828 536 881 569 to·

106 579 181 615 tam
197 579 387 625 virtutem,
403 579 491 626 quia
509 581 569 616 hic
587 579 746 616 maximo
767 590 879 626 appa-

104 629 162 661 ret
192 625 256 663 illa
283 629 363 672 ejus
388 629 540 667 caritas,
564 638 648 674 qnae
670 627 784 663 corda
810 638 879 664 no-

105 675 184 709 stra
221 674 378 711 deberet
416 674 585 711 totaliter
621 685 878 712 concremaro.

103 720 183 756 Non
219 721 340 758 solum
379 725 505 758 autem
537 722 601 759 illa
642 722 804 769 poenalis
845 726 882 759 et

103 767 276 804 mortalis
296 769 488 806 crucifixio
513 769 676 814 Domini,
694 770 759 806 sed
781 773 816 806 et
836 781 882 807 ea

104 824 186 860 quae
209 816 380 853 eamdem
403 823 690 862 praecesserunt,
714 821 800 853 sunt
817 828 879 854 ve-

103 862 399 901 hementissimae
421 865 709 911 compassionis,
726 869 763 901 et
774 875 879 902 ama-

103 909 294 957 ritudinis,
318 915 354 948 et
376 912 554 958 stuporis.
577 912 674 956 Quid
700 912 800 949 enim
823 916 880 950 est

104 958 271 1003 cogitare
290 961 389 1005 quod
412 961 490 1005 ipse
519 960 700 998 Dominus
735 964 878 1006 noster,

103 1015 216 1051 super
233 1006 361 1043 omnia
377 1007 597 1044 benedictus
612 1009 723 1050 Deus,
746 1008 792 1044 ab
812 1009 879 1045 ho-

102 1062 145 1088 ra
165 1063 238 1099 qua
259 1054 304 1090 de
319 1058 429 1091 nocte
445 1065 529 1090 cum
546 1055 690 1092 facibus
708 1058 744 1090 et
763 1056 880 1094 armis

100 1102 295 1147 tamquam
322 1101 418 1138 latro
439 1102 619 1148 quaesitus
653 1102 721 1138 fuit
746 1108 784 1139 et
809 1113 879 1139 ca·-

99 1151 199 1194 ptus,
229 1159 349 1195 usque
378 1149 426 1186 ad
452 1152 595 1186 sextam
626 1149 880 1187 crucifixionis

100 1205 176 1233 suae
197 1196 339 1233 scilicet
357 1197 505 1241 horam,
524 1198 593 1234 suit
612 1197 649 1234 in
673 1197 772 1235 bello
789 1209 879 1235 con-

100 1242 207 1280 tinno
223 1244 427 1287 doloris,in
442 1244 588 1291 magnis
603 1245 827 1292 opprobriis,
845 1248 882 1283 et

100 1291 331 1328 tormentis?
350 1293 433 1328 Non
463 1294 565 1329 enim
589 1292 659 1329 sibi
687 1293 798 1329 datur
820 1294 879 1330 vel

101 1338 249 1376 modica
267 1340 417 1386 requies
431 1352 438 1381 ;
454 1341 518 1377 sed
538 1340 576 1376 in
590 1340 758 1385 quolibet
777 1340 878 1378 bello

101 1389 137 1422 et
170 1386 347 1424 conflictu
381 1387 467 1424 audi
488 1391 524 1424 et
542 1387 627 1425 vide
648 1400 656 1424 ι
675 1388 770 1425 alius
792 1399 878 1425 eum

100 1434 228 1478 tradit,
249 1435 345 1472 alius
372 1435 672 1481 comprehendit,
697 1435 794 1472 alius
833 1436 878 1471 li-

101 1487 178 1528 gat,
200 1481 296 1519 alius
325 1483 426 1519 ducit
464 1482 558 1519 alius
583 1482 752 1528 impellit,
781 1482 877 1520 alius

101 1531 298 1574 exclamat,
321 1529 416 1566 alins
441 1529 615 1575 insurgit,
638 1530 734 1567 alins
755 1534 876 1576 vexat,

101 1577 199 1614 alius
225 1577 497 1621 circumvolvit,
524 1578 621 1614 alius
651 1580 875 1623 interrogat,

100 1624 198 1661 alius
221 1629 351 1662 contra
375 1636 460 1662 eum
482 1625 596 1661 salsos
616 1629 730 1662 testes
748 1625 876 1670 inqui-

99 1672 162 1713 rit,
186 1672 282 1709 alius
302 1672 557 1717 inquirentem
580 1672 754 1711 associat.
779 1673 876 1710 alius

100 1720 235 1757 salsum
255 1719 514 1757 testimonium
540 1724 673 1757 contra
696 1731 781 1758 eum
818 1720 876 1758 di-

98 1767 162 1812 cit,
184 1767 280 1804 alius
300 1772 466 1812 accusat,
487 1767 582 1806 alius
601 1768 759 1813 deludit,
775 1768 876 1806 *alius

39 1827 42 1832 ·
97 1815 350 1862 blasphemat,
385 1815 482 1852 alius
515 1815 553 1852 in
592 1827 677 1852 eum
714 1816 873 1863 exspuit,

96 1862 193 1900 alius
210 1865 339 1900 oculos
353 1864 463 1907 velat,
485 1863 582 1900 alius
598 1863 636 1899 in
652 1863 787 1900 faciem
805 1875 877 1900 cae-

97 1910 164 1955 dit,
186 1911 284 1948 alius
304 1911 527 1958 colaphizat,
550 1911 648 1948 alius
669 1915 772 1948 veste
789 1911 876 1949 alba

97 1958 233 2003 induit,
274 1958 368 1995 alius
404 1959 560 2006 spernit,
603 1959 698 1995 alius
736 1959 873 2004 illudit,

96 2006 191 2043 alins
212 2006 255 2043 ad
289 2007 503 2044 columnam
524 2017 608 2043 eum
635 2006 750 2051 ducit,
778 2006 875 2044 alius

97 2055 187 2090 dum
215 2054 363 2091 ducitur
384 2054 558 2101 percutit,
575 2054 668 2091 alins
690 2054 874 2092 vocifera-

97 2105 172 2146 tur,
203 2101 299 2139 alius
319 2113 405 2139 eum
429 2102 655 2139 insultanter
671 2103 717 2138 ad
736 2113 874 2138 vexan-

97 2150 186 2186 dum
206 2149 375 2196 suscipit,
396 2150 494 2186 alius
525 2149 563 2187 in
585 2160 670 2187 eum
691 2149 874 2197 impetum

97 2197 200 2242 facit,
222 2197 319 2234 alius
352 2197 546 2243 exspoliat,
576 2197 672 2234 alius
707 2208 794 2234 enm
826 2198 875 2235 ad

97 2244 311 2282 columnam
332 2245 438 2292 ligat,
460 2245 559 2282 alius
574 2245 755 2292 flagellat,
778 2244 875 2283 alius

97 2303 185 2329 eum
207 2304 371 2339 purpura
396 2293 433 2329 in
461 2293 727 2331 contumeliam
748 2293 873 2338 vestit,

98 2340 195 2377 alius
210 2340 328 2387 spinis
345 2351 431 2377 enm
456 2347 627 2385 coronat,
649 2341 745 2378 alius
763 2352 876 2378 arun-

99 2388 228 2425 dinem
249 2387 286 2424 in
315 2399 428 2425 mann
451 2389 532 2436 ejus
556 2388 674 2442 ponit,
696 2388 792 2425 alius
813 2389 874 2425 su-

99 2435 259 2472 ribunde
277 2435 455 2482 reaccipit
476 2442 515 2473 ut
535 2447 729 2483 spinosum
765 2439 876 2481 caput
912 2435 914 2467 ἶ

99 2483 224 2527 feriat,
254 2483 349 2520 alius
376 2483 573 2529 nugatorie
596 2495 722 2531 genua
739 2483 874 2530 ssectit,

99 2531 195 2568 alius
216 2535 253 2568 ut
275 2542 402 2578 regem
423 2532 573 2569 salutat.
596 2534 682 2569 llaec
703 2536 739 2568 et
758 2532 878 2568 multa

98 2579 238 2616 similia
273 2590 347 2615 non
371 2579 492 2616 solum
523 2580 632 2620 alius.
655 2580 720 2616 sed
742 2583 779 2616 et
813 2579 877 2616 alii

97 2627 251 2673 plurimi
271 2626 498 2663 intulerunt.
522 2629 677 2664 Ducitur
698 2631 736 2663 et
756 2627 877 2664 redu-
914 2641 916 2661 l

99 2674 196 2711 citur
216 2676 262 2712 de
281 2674 423 2720 judicio
452 2676 490 2711 in
514 2675 711 2722 Judicium,
733 2675 780 2712 de
803 2685 878 2728 op-
914 2672 915 2697 ³

97 2721 252 2775 probrio
280 2722 324 2776 in·
341 2722 602 2776 opprobrium,
630 2723 676 2760 de
694 2722 878 2770 supplicio

99 2780 134 2805 in
166 2770 406 2818 suppliclum.
431 2775 620 2817 spernitur
640 2775 677 2807 et
694 2771 876 2818 reproba-

959 252 1074 294 atque
1095 248 1183 286 illuc
1205 253 1397 297 tamquam
1436 249 1571 287 stultus
1595 252 1632 287 et
1667 249 1738 288 im-

956 295 1115 339 becinis,
1141 297 1205 334 sed
1227 302 1263 333 et
1288 301 1480 344 tamquam
1504 298 1600 336 latro
1624 302 1738 344 atque

956 342 1201 390 impiissimus
1240 345 1460 382 malefactor
1488 356 1497 383 z
1535 345 1648 382 modo
1686 344 1735 382 ad

955 391 1116 436 Annam,
1137 391 1249 429 modo
1268 392 1315 429 ad
1337 393 1532 438 Caipham,
1552 393 1666 430 modo
1686 392 1736 429 ad

957 438 1133 481 Pilatum,
1159 438 1270 474 modo
1300 440 1348 476 ad
1376 441 1576 483 Herodem,
1605 443 1641 478 et
1670 439 1737 477 ite-

955 495 1038 522 rum
1059 485 1107 521 ad
1132 485 1307 530 Pilatum,
1329 489 1365 522 et
1387 486 1527 525 ibidem
1546 487 1659 525 modo
1682 486 1738 524 in-

957 535 1030 577 tus,
1051 532 1164 570 modo
1186 532 1289 570 soris.
1313 534 1409 570 Deus
1429 545 1549 577 meuS,
1571 534 1660 582 quid
1682 537 1739 571 est

956 580 1057 616 hoc?
1095 581 1225 618 Nonne
1254 580 1326 617 hoc
1350 580 1418 617 tibi
1441 581 1590 618 videtur
1617 581 1738 619 duris-

957 626 1109 672 simum,
1135 626 1430 673 amarissimum,
1453 632 1489 665 et
1516 629 1736 667 continuum

955 674 1126 711 bellum?
1155 675 1227 712 Sed
1254 679 1430 722 exspecta
1456 686 1673 723 parumper,
1699 680 1737 714 et

956 721 1112 759 duriora
1131 722 1289 759 videbis.
1303 723 1461 760 Adstant
1481 727 1614 760 contra
1633 734 1733 771 eum,

955 773 1131 806 constant
1170 773 1207 806 et
1244 770 1481 808 vivacissime
1513 770 1733 818 principes,

957 817 1098 854 Scriba:
1125 820 1160 854 et
1183 817 1364 854 Pharisaei
1391 821 1425 854 et
1452 817 1568 855 millia
1588 818 1731 865 populi.

954 864 1194 901 Acclamatur
1215 866 1261 902 ab
1291 864 1467 902 omnibus
1500 865 1734 903 unanimiter

955 915 996 948 ut
1035 912 1297 958 crucifigatur;
1337 923 1425 949 crux
1461 912 1630 950 humeris
1658 913 1734 950 suis

952 960 1030 1005 J'am
1049 959 1179 996 fractis
1201 964 1237 996 et
1257 959 1433 997 laceratis
1453 960 1673 1007 imponitur,
1693 960 1733 997 in

957 1017 1029 1052 qua
1040 1006 1297 1053 crucifigatur.
1312 1009 1552 1044 Concurrunt
1566 1007 1733 1054 undique

957 1054 1057 1091 cives
1078 1058 1119 1090 et*
1141 1057 1310 1098 advenae,
1329 1058 1407 1092 tam
1435 1056 1599 1102 maJ'ores
1620 1065 1733 1101 quam

956 1101 1070 1138 etiam
1093 1101 1263 1140 vilissimi
1286 1102 1438 1147 ribaldi,
1459 1102 1610 1149 vinique
1631 1108 1733 1149 pota-

955 1152 1071 1190 tores,
1094 1160 1170 1188 non
1192 1150 1240 1186 ad
1260 1150 1578 1196 compatiendum,
1603 1151 1667 1186 sed
1687 1151 1734 1187 ad

956 1196 1229 1242 deridendum;
1253 1208 1365 1234 nemo
1392 1199 1450 1234 est
1478 1197 1541 1244 qui
1567 1208 1654 1234 eum
1674 1208 1733 1233 re-

957 1249 1172 1291 cognoscat,
1207 1245 1273 1282 sed
1297 1245 1376 1282 luto
1410 1249 1447 1282 et
1482 1244 1734 1284 immunditiis

956 1303 1040 1329 enm
1068 1291 1255 1339 impetunt
1285 1296 1321 1330 et
1349 1292 1536 1339 affligunt.
1561 1294 1617 1338 Et,
1643 1293 1732 1329 dum

955 1350 1064 1376 suam
1087 1344 1210 1385 portat
1231 1340 1492 1386 ignominiam,
1521 1340 1641 1379 factus
1674 1344 1731 1377 est

954 1386 1028 1423 illis
1062 1387 1099 1424 in
1125 1388 1359 1434 parabolam.
1398 1388 1607 1425 Adversum
1644 1398 1729 1424 eum

954 1434 1208 1480 loquebantur
1229 1435 1291 1481 qui
1328 1436 1514 1473 sedebant
1546 1435 1584 1472 in
1605 1439 1729 1481 porta,

954 1486 991 1518 et
1007 1482 1044 1518 in
1063 1493 1146 1519 eum
1166 1483 1377 1530 psallebant
1398 1482 1460 1529 qni
1479 1481 1662 1520 bibebant
1680 1484 1733 1519 vi-

954 1540 1060 1566 num.
1084 1531 1293 1577 impellitur
1314 1534 1350 1567 et
1371 1529 1732 1574 anxiatur,trahitur

953 1582 990 1613 et
1003 1578 1258 1622 acceleratur;
1276 1583 1312 1615 et
1331 1579 1384 1614 sic
1402 1577 1732 1624 t'atigatus,flagel-

952 1624 1065 1669 latus,
1087 1626 1289 1670 cruciatus,
1304 1628 1479 1672 totusque
1502 1630 1730 1669 maceratus,

953 1675 990 1707 et
1032 1672 1246 1718 opprobriis
1297 1676 1488 1710 saturatus
1525 1683 1643 1719 usque
1683 1673 1730 1709 ad

953 1729 1159 1765 summum,
1193 1731 1269 1757 non
1301 1720 1438 1756 sinitur
1474 1730 1731 1766 requiescere,

954 1778 1029 1804 non
1052 1778 1133 1804 esse
1157 1769 1193 1804 in
1218 1768 1308 1805 otio.
1334 1768 1402 1805 Vix
1429 1770 1553 1814 potest
1580 1767 1730 1804 refocil-

952 1814 1032 1851 lare
1059 1814 1233 1862 spiritum
1261 1826 1458 1862 quousque
1488 1815 1732 1862 perveniatur

953 1862 1000 1898 ad
1028 1862 1210 1900 Calvariae
1243 1863 1379 1900 locum.
1417 1864 1462 1900 Et
1500 1863 1579 1900 haec
1604 1862 1733 1899 omnia

952 1921 1037 1947 cum
1064 1910 1208 1958 impetu
1243 1914 1279 1947 et
1309 1911 1438 1947 surore
1473 1910 1660 1949 fecerunt.
1690 1911 1730 1947 In

953 1959 1033 2004 ipso
1056 1962 1182 1996 autem
1207 1959 1292 2000 loco,
1311 1958 1400 1995 finis
1421 1961 1459 1994 et
1479 1957 1586 2004 quies
1615 1968 1714 2004 nego

951 2006 1019 2051 tio,
1035 2006 1082 2042 de
1097 2017 1170 2053 quo
1187 2010 1394 2042 tractamus
1406 2005 1629 2052 imponitur.
1642 2006 1729 2052 Sed,

951 2064 1036 2100 quae
1056 2058 1113 2090 est
1134 2054 1199 2090 illa
1231 2054 1336 2100 quies
1350 2054 1368 2090 ·?
1387 2052 1601 2098 crucifixio,
1624 2056 1660 2089 et
1679 2053 1728 2090 le-

951 2105 1032 2138 ctus
1065 2101 1228 2146 doloris;
1268 2111 1356 2139 ecce
1385 2100 1523 2148 qualis,
1559 2100 1731 2148 asperior

951 2149 1050 2187 bello
1066 2153 1135 2186 est.
1156 2149 1269 2187 Vides
1289 2159 1380 2196 ergo
1396 2149 1585 2195 quomodo
1608 2158 1728 2195 usque

951 2197 999 2234 ad
1020 2197 1152 2233 horam
1171 2201 1314 2235 sextam
1343 2207 1475 2243 passus
1497 2201 1554 2232 cst
1572 2196 1728 2242 longum

952 2248 989 2281 et
1018 2244 1154 2282 durum
1176 2244 1331 2282 bellum.
1357 2245 1455 2282 Veie
1488 2243 1729 2282 intraverunt

953 2302 1062 2338 aquae
1102 2302 1223 2338 usque
1255 2292 1303 2328 ad
1331 2293 1498 2328 animam
1528 2301 1664 2336 suam;
1694 2294 1732 2327 et

951 2351 1041 2377 vere
1062 2339 1494 2377 circumdederunteum
1513 2338 1731 2376 canesmut-

953 2387 979 2424 ti
1003 2391 1040 2424 et
1060 2387 1206 2423 seroces
1225 2392 1260 2423 et
1274 2386 1478 2431 terribiles,
1505 2386 1569 2432 qui
1588 2385 1671 2423 dire
1690 2389 1728 2422 et

930 2434 941 2438 “
954 2439 994 2471 ut
1010 2434 1176 2479 gladium
1195 2433 1254 2472 bis
1268 2440 1421 2471 acutum
1440 2437 1670 2471 exacuerunt
1689 2433 1728 2471 in

955 2493 1040 2519 eum
1057 2483 1205 2528 linguas
1226 2487 1264 2519 ot
1281 2492 1415 2519 manus
1436 2492 1536 2519 suas.

1003 2533 1023 2568 8
1041 2531 1131 2566 TmA
1146 2541 1371 2568 Pammenia
1383 2542 1419 2566 iu
1432 2530 1611 2569 Passionis
1626 2529 1736 2566 Dom-

955 2590 991 2615 NI
1012 2590 1057 2615 AD
1079 2590 1212 2616 PARTES
1234 2589 1466 2617 POENITENTIAE
1492 2588 1732 2615 SPECTAN'riA:

956 2638 1121 2670 Nonius,
1137 2636 1515 2671 1RR1810,CORPORAL18
1533 2635 1732 2662 armeno.

955 2694 1000 2703 -
1022 2674 1063 2710 In
1086 2674 1268 2711 Passione
1282 2676 1409 2711 autem
1430 2671 1567 2712 Christi
1586 2671 1659 2710 tria
1679 2672 1734 2707 fu-

956 2726 1069 2759 erunt
1090 2722 1128 2759 in
1149 2732 1312 2767 summo,
1333 2721 1382 2759 ad
1404 2731 1488 2768 quae
1507 2719 1732 2772 rediguntur

957 2773 1081 2807 cetera
1103 2769 1243 2814 omnia,
1271 2772 1307 2806 et
1332 2768 1371 2805 in
1393 2767 1529 2815 quibus
1550 2770 1733 2814 poeniten-
