1924 3157
597 162 649 197 ET
687 143 924 196 'merorum
962 160 1120 195 Torlns
1157 161 1278 196 ANNI.
1702 164 1739 196 33

157 237 173 252 ·
194 249 234 274 21
257 235 351 272 Julii
370 249 378 272 :
402 235 441 272 S.
464 234 642 275 Danielis,
665 232 855 279 Prophetae

363 285 397 319 et
411 282 648 326 confessoris.

115 343 209 382 Cum
226 340 396 380 videritis
415 338 735 377 abominationem
753 336 897 374 desola-

160 389 291 436 tionis,
312 392 384 426 ete.
408 389 543 425 Matth.
569 390 626 431 24.
650 388 690 423 P.
714 385 765 431 ΙΙ,
787 388 894 430 ο.4ο.

207 452 223 467 '
245 464 285 489 ια
311 448 526 488 Novembris
546 460 557 484 :
578 448 618 484 S.
641 446 806 492 Didacis‚

386 496 623 540 Confessoris.

114 557 203 643 Qufif
222 560 331 643 ffftas
351 556 474 640 glaJ'or
494 558 564 600 est,
582 557 652 591 etc.
677 551 812 590 Matth.
840 552 895 589 18.

196 634 203 643 .
270 633 278 650 ,
300 616 331 642 c.
382 632 390 640 .

243 681 263 714 9
280 665 444 703 Octobris
465 678 472 700 ε
494 662 561 699 SS.
582 662 764 706 Dionysii,

160 714 305 751 Rustici
329 716 363 749 et
381 711 598 754 Eleutherii,
625 710 847 753 Martyrum.

111 771 305 810 Attendite
335 781 358 808 a
384 771 572 807 termento
602 767 896 808 Pharisaeorum,

161 820 263 867 quod
287 823 344 856 est
369 817 592 865 hypocrisis,
622 819 693 853 ete.
721 817 808 852 Luc.
842 827 896 851 12.

162 869 204 905 P.
224 867 256 913 I,
280 878 312 904 c.
336 869 435 903 55·θί
456 880 514 914 92.

190 949 230 972 υ
249 936 344 972 Maii
361 946 371 968 t
393 935 458 971 SS.
477 933 687 975 Domitillae,
706 932 827 974 Nerei,

159 984 332 1020 Achillaei
347 986 380 1018 et
396 983 600 1025 Pancratii,
622 981 847 1024 Martyrum.

112 1044 201 1080 Erat
221 1041 377 1089 quidam
398 1040 565 1086 Regulus
592 1039 697 1086 cujus
721 1038 821 1075 filius
842 1036 899 1073 in-

159 1091 398 1133 firmabatur,
412 1092 483 1124 ete.
499 1090 604 1124 Joan.
623 1090 655 1131 4.
678 1087 718 1122 Ρ.
739 1085 770 1131 1,
789 1097 820 1122 c.
839 1088 897 1121 65.

184 1157 200 1172 ⁶
217 1171 236 1203 7
257 1154 423 1199 Auyusti
442 1166 452 1189 .-
474 1154 512 1190 S.
532 1154 682 1197 Donati,
701 1153 827 1198 Episc.

384 1205 418 1237 et
431 1202 624 1246 Martyris.

113 1263 205 1350 Qulis
224 1262 476 1349 {uzasfimajor
494 1263 564 1308 est,
586 1263 656 1297 etc.
678 1260 815 1296 Matth.
843 1261 899 1296 18.

195 1339 204 1348 .
249 1340 258 1357 ,
308 1341 314 1348 .
364 1339 372 1347 .

181 1379 196 1394 *
215 1381 236 1415 5
259 1377 484 1424 Septembris
507 1388 517 1412 .·
541 1376 608 1413 SS.
632 1375 833 1418 Dorotheae‚

187 1427 412 1473 Euphemiae,
437 1425 575 1460 Theclae
595 1427 627 1459 et
651 1425 828 1467 Erasmae‚

310 1475 416 1518 Viry.
437 1476 470 1508 et
487 1473 708 1516 Martyrum.

117 1533 157 1573 Si
192 1532 280 1571 licet
315 1532 463 1569 homini
501 1530 693 1567 dimittere
727 1539 902 1574 uxorem,

165 1585 236 1619 etc.
258 1582 392 1618 Matth.
420 1594 474 1628 19.
499 1580 540 1615 P.
563 1578 613 1623 H,
636 1589 668 1614 c.
696 1592 751 1614 10.

200 1653 216 1668 '
240 1665 283 1690 20
301 1652 395 1689 Julii
415 1664 424 1686 :
444 1651 482 1688 S.
507 1651 614 1694 Eliae,
635 1648 824 1695 Prophetae

365 1702 398 1735 et
416 1699 655 1742 Confessoris.

117 1759 331 1809 Assumpsit
350 1761 460 1796 Jesus
483 1759 638 1794 Petrum
666 1759 703 1793 et
722 1754 905 1793 Jaeohum

165 1814 203 1895 {t
220 1811 423 1894 J50annem,
450 1810 521 1843 ete.
543 1806 678 1842 Matth.
704 1818 760 1851 17.
790 1803 833 1839 P.
851 1801 903 1844 ΙΙ,

175 1923 191 1939 ·
213 1925 257 1968 34
276 1921 469 1959 Februarii
490 1932 501 1956 ε
521 1920 562 1957 S.
584 1917 848 1964 Exuperantii,

285 1971 411 2016 Episc.
440 1971 474 2004 et
497 1968 735 2012 confessoris.

120 2033 163 2070 In
188 2031 262 2068 hoe
294 2030 524 2067 clarificatus
557 2031 614 2065 est
644 2028 757 2063 Pater
780 2036 904 2072 meus,

168 2082 240 2117 etc.
261 2081 368 2117 Joan.
395 2081 450 2115 15.
475 2078 516 2113 P.
538 2075 589 2122 H,
613 2087 645 2111 c.
668 2078 726 2122 57.

169 2161 190 2194 9
210 2145 315 2183 Junii
328 2155 336 2181 :
359 2144 428 2181 SS.
449 2140 630 2178 Feliciam'
654 2143 688 2176 et
705 2139 837 2185 Primi,

402 2192 625 2235 Martyrum.

121 2253 317 2338 Οοέὓὶεοι·
334 2250 418 2335 ῐέἱέἱ,
441 2251 567 2296 Pater,
593 2251 664 2286 etc.
686 2247 822 2285 Matth.
849 2260 903 2285 ιι.

207 2330 216 2338 .
258 2329 267 2347 ,
291 2311 324 2337 e.
397 2328 404 2336 .

152 2363 166 2377 ·
191 2375 230 2398 21
255 2360 352 2398 Maii
374 2371 382 2396 ε
404 2359 443 2396 S.
466 2358 599 2395 Felicis
620 2368 642 2393 a
663 2356 881 2402 Cantalicio,

397 2407 635 2450 confessoris.

121 2455 325 2501 Confiteor,
351 2458 422 2491 etc.
447 2453 662 2501 (utsupra).

141 2523 154 2537 ⁸
174 2525 218 2566 24
234 2519 448 2561 Novembris
470 2531 480 2554 :
500 2519 538 2555 S.
558 2518 743 2563 Flaviani,
759 2518 885 2564 Episc.

385 2570 419 2603 et
447 2567 641 2611 Martyris.

122 2634 198 2680 Ego
219 2643 303 2670 sum
319 2632 455 2669 Pastor
470 2630 606 2677 bonus,
625 2633 697 2666 etc.
717 2629 823 2666 Joan.
848 2641 904 2666 ιο.

175 2682 217 2718 Ρ.
312 2709 320 2717 .
345 2682 403 2717 86.

121 2745 144 2787 4
160 2679 328 2779 Οοειξῇνὲε
351 2754 360 2777 :
384 2739 424 2777 S.
442 2738 646 2781 Francisci,
667 2737 905 2783 Confessoris.

122 2801 331 2849 Confiteor,
353 2804 426 2839 etc.
449 2799 504 2848 (ut
528 2798 671 2846 supra).

1088 232 1109 266 5
1131 231 1336 266 Decembris
1357 245 1365 267 :
1387 230 1427 268 S.
1453 231 1642 268 Francisci

1141 280 1300 320 Xawrtt,
1331 279 1568 322 Confessoris.

969 337 1111 372 Euntes
1132 335 1170 372 iu
1193 337 1376 374 muudum
1401 338 1635 384 uuiversum,
1658 348 1755 385 prae-

1017 383 1153 428 dicate,
1175 388 1248 420 ete.
1269 387 1383 421 Marc.
1412 389 1466 423 16.
1492 388 1531 422 P.
1552 385 1602 431 ΙΙ,
1620 396 1652 422 e.
1675 389 1733 423 82.

1041 450 1057 466 ·
1080 464 1093 487 ι
1117 451 1341 496 Septembris
1365 464 1375 487 .·
1400 452 1467 489 SS.
1490 453 1688 489 Duodecim

1151 499 1338 542 Fratrum,
1357 500 1580 545 Martyrum.

970 556 1161 593 Attendite
1195 566 1217 592 a
1246 557 1433 594 fermento
1464 559 1757 604 Pharisaeorum,

1021 607 1091 641 etc.
1114 606 1200 641 Luc.
1229 618 1283 641 12.
1305 607 1346 640 P.
1367 605 1397 651 I,
1417 616 1450 643 e.
1474 609 1517 642 53
1539 609 1572 642 et
1594 621 1652 655 92.

1047 682 1088 705 10
1106 670 1200 704 Jutii
1218 681 1229 704 .·
1250 669 1316 706 SS.
1340 669 1483 715 Septem
1501 672 1685 715 Fratrum,

1006 717 1227 762 Martyrum,
1250 727 1292 752 ac
1321 716 1457 761 Rufinae
1481 721 1513 753 et
1535 718 1723 764 Secundae,

1160 766 1265 808 Viry.
1295 767 1330 801 et
1353 766 1575 809 Martyrum.

973 825 1165 871 Loquente
1197 825 1288 860 Jesu
1314 824 1360 859 ad
1391 825 1536 866 turbas,
1563 834 1649 861 ecee
1680 826 1760 861 Ma-

1019 874 1077 908 ter
1092 873 1185 919 eJ'us,
1206 874 1276 908 ete.
1296 873 1429 909 Matth.
1458 885 1511 908 12.
1535 873 1574 908 P.
1597 874 1624 918 Ι,
1646 883 1677 908 c.
1700 875 1759 919 75.

972 945 987 959 *
1013 947 1053 981 18
1070 946 1202 981 Martii
1219 957 1229 980 :
1245 945 1283 982 S.
1301 944 1497 990 Gabrielis,
1520 945 1759 990 Archanqeli.

974 1004 1106 1040 Missus
1123 1007 1178 1040 est
1200 1003 1365 1050 Angelus
1387 1003 1552 1049 Gabriel,
1576 1008 1648 1041 etc.
1670 1006 1759 1041 Luc.

1026 1067 1055 1088 1.
1077 1053 1117 1087 P.
1140 1051 1171 1096 I,
1194 1062 1225 1087 C.
1250 1055 1284 1088 5.

1002 1118 1017 1132 *
1037 1120 1078 1153 25
1097 1117 1202 1152 Junii
1221 1129 1228 1153 :
1253 1117 1291 1153 S.
1315 1116 1516 1162 Gallicani,
1539 1118 1732 1163 Martyris.

975 1175 1191 1221 Suspicieus
1222 1177 1346 1221 Jesus,
1377 1175 1499 1212 dixit:
1529 1178 1649 1213 Homo
1677 1176 1761 1223 qui-

1022 1224 1108 1260 dam
1119 1223 1373 1260 descendebat
1387 1224 1434 1268 ab
1453 1224 1757 1270 Jerusalem,etc.

1020 1273 1106 1308 Luc.
1138 1286 1192 1307 10.
1217 1273 1256 1307 P.
1280 1271 1310 1316 Ι,
1332 1282 1363 1307 e.
1388 1274 1445 1320 59.

1090 1351 1129 1384 17
1155 1337 1370 1374 Novembris
1390 1338 1455 1373 :S.
1481 1337 1650 1383 Greyorii

1003 1386 1284 1429 Thaumaturyi,
1301 1386 1424 1431 Episc.
1446 1388 1479 1420 et
1498 1386 1737 1430 Confessoris.

977 1445 1118 1529 Hafiete
1146 1443 1261 1481 fidem
1285 1442 1366 1486 Dei,
1389 1447 1460 1482 ete.
1492 1447 1608 1482 Marc.
1638 1460 1692 1482 ιι.
1718 1447 1759 1484 P.

1092 1504 1124 1529 c.
1173 1523 1180 1530 .

1027 1520 1076 1595 20,
1087 1497 1202 1594 Jullii:
1220 1558 1260 1594 S.
1278 1556 1494 1602 Hieronymi
1505 1558 1713 1601 AEmiliani,

1249 1606 1488 1649 Confessoris.

979 1664 1102 1702 oblati
1136 1669 1224 1702 sunt
1250 1667 1342 1703 Jesu
1374 1663 1534 1711 parvuli,
1554 1667 1594 1701 ut
1609 1674 1761 1710 manus,

1027 1716 1098 1749 etc.
1119 1715 1254 1749 Matth.
1282 1729 1338 1760 19.
1369 1714 1409 1749 P.
1431 1712 1481 1758 Π,
1503 1723 1535 1749 C.
1564 1726 1618 1749 ιο.

1098 1786 1112 1801 *
1133 1788 1152 1821 5
1174 1787 1307 1822 Martii
1332 1800 1339 1823 :
1363 1787 1401 1823 S.
1432 1786 1647 1830 Hieronymi

1025 1832 1069 1868 de
1095 1835 1278 1878 Recineto,
1301 1834 1444 1870 ordinis
1469 1835 1717 1869 Eremitarum

1232 1883 1270 1919 S.
1293 1882 1511 1926 Auyustini.

980 1939 1131 1987 Diligite
1152 1939 1325 1977 inimicos
1346 1942 1507 1986 vestros,
1530 1942 1601 1976 etc.
1627 1940 1762 1977 Matth.

1027 1992 1062 2026 5.
1085 1989 1125 2025 P.
1149 1988 1180 2034 Ι,
1201 1999 1232 2025 c.
1257 1992 1314 2025 55.

1048 2068 1060 2090 1
1084 2054 1278 2090 Februarii
1301 2065 1309 2090 :
1332 2055 1370 2091 S.
1396 2055 1550 2100 Iyrzatii,
1572 2055 1698 2101 Episc.

1246 2104 1280 2137 et
1298 2103 1494 2147 Martyris.

978 2160 1056 2197 Nisi
1077 2171 1237 2208 granum
1257 2160 1452 2207 frumenti,
1474 2164 1546 2199 etc.
1568 2163 1674 2200 Joan.
1708 2176 1762 2200 ια.

1028 2211 1067 2246 Ρ.
1088 2208 1138 2254 Π,
1164 2219 1195 2245 C.
1212 2212 1271 2245 51.

1026 2281 1067 2315 51
1089 2279 1184 2314 Julii
1205 2292 1215 2314 ι
1240 2279 1279 2316 S.
1303 2279 1456 2323 synam,
1477 2278 1717 2323 Confessoris.

978 2338 1197 2386 Designavit
1216 2339 1402 2375 Dominus
1427 2342 1464 2375 et
1489 2338 1585 2376 alios
1613 2343 1764 2388 septua-

1025 2389 1131 2434 ginta
1148 2387 1255 2423 duos.
1279 2389 1365 2423 Luc.
1394 2398 1448 2423 ιο.
1474 2388 1512 2423 Ρ.
1533 2386 1565 2433 1,
1590 2399 1621 2425 c.
1643 2392 1701 2426 58.

1028 2462 1071 2497 28
1090 2458 1294 2496 Decembris
1323 2470 1332 2492 :
1364 2457 1430 2494 SS.
1453 2459 1716 2498 Innocentium.

979 2519 1143 2568 Angelus
1164 2517 1314 2555 Domini
1340 2517 1514 2565 apparuit
1541 2518 1582 2556 in
1603 2521 1763 2567 somnis,

1027 2572 1098 2606 etc.
1120 2568 1254 2604 Matth.
1281 2579 1314 2602 2.
1338 2567 1379 2602 P.
1404 2566 1434 2612 Ι,
1457 2576 1488 2602 e.
1518 2569 1574 2604 ιδ.

1086 2638 1101 2653 ·
1126 2641 1147 2683 4
1165 2638 1258 2674 Julii
1276 2650 1286 2672 .-
1304 2637 1343 2674 S.
1368 2638 1507 2683 irenaei,
1529 2639 1654 2685 Episc.

1249 2688 1282 2721 et
1299 2686 1492 2730 Martyris.

983 2748 1061 2830 Egss
1081 2754 1164 2830 sIum
1186 2745 1322 2828 PSaGstor
1340 2744 1476 2790 bonus,
1492 2748 1564 2782 etc.
1578 2745 1684 2781 Joan.
1707 2759 1761 2781 ιο.

1067 2824 1075 2832 .
1117 2823 1126 2838 ,
1152 2804 1185 2830 c.
1257 2822 1265 2830 .

1751 166 1769 194 {i
