1924 3157
202 172 212 187 3

194 255 276 281 sum
300 245 396 281 bene
415 243 601 288 diligeret,
619 242 752 278 merito
772 241 885 280 hodie
906 253 966 279 ex-

192 292 362 327 sultaret.
376 292 417 327 Sz‘
431 290 630 334 diliqeritis
643 300 711 328 me.
728 289 862 335 inquit,
878 301 968 335 qau-

191 339 320 374 derz'tis
340 340 479 382 utique,
508 339 596 382 quia
620 337 713 372 vado
739 337 787 372 ad
807 339 965 373 Patrem.

192 385 296 421 Unde
316 387 384 421 Leo
405 385 505 431 Papa
528 395 536 419 ε
561 398 577 416 «
598 383 694 420 Dicit
725 383 876 430 quidem
900 386 969 420 Do-

190 431 316 468 minus
338 432 447 470 Jesus
466 430 659 477 discipulis
679 432 754 467 suis
779 443 786 466 :
811 433 853 468 Si
871 432 967 466 (lili-

188 481 320 523 yeretis
358 490 426 522 me,
462 479 670 523 qauderetz's
704 480 843 524 utique.
877 480 967 524 quia

187 527 281 562 vado
297 527 346 562 ad
364 528 521 562 Patrem.
540 524 653 572 Vobis
668 525 769 562 enim
786 526 863 561 haec
876 536 968 571 prae-

187 577 306 610 statur
330 572 497 610 ascensio
521 584 529 608 :
557 575 594 609 et
612 583 724 619 super
743 583 874 608 omnes
892 583 964 608 cne-

186 620 242 657 los
276 621 325 657 ad
357 619 480 657 Patris
504 620 695 656 dexteram
731 620 964 662 collocanda,

184 670 308 704 vestra
325 668 362 703 in
378 678 437 704 me
453 666 646 704 humilitas
661 667 842 702 elevatur.
858 666 964 702 Univi

184 714 285 751 enim
306 725 370 751 vos
392 714 497 758 mihi,
517 717 555 750 et
590 714 709 750 sactus
741 724 822 750 sum
852 713 964 749 Filius

184 762 360 806 hominis,
384 767 423 798 ut
439 772 505 798 vos
524 761 592 796 filii
612 761 675 797 Dei
695 771 777 796 esse
795 760 960 806 possitis

183 809 278 853 Quia
307 809 421 855 igitur
455 808 593 845 Christi
626 807 796 844 ascensio
832 812 963 843 nostra

182 857 373 903 provectio
394 859 464 899 est,
487 859 524 892 et
546 866 619 902 quo
637 853 821 901 processit
841 854 962 907 gloria

182 903 328 950 capitis,
350 915 395 939 eo
425 913 510 949 spes
543 908 697 938 vocatur
717 906 754 937 et
777 912 960 947 corporis,
996 926 997 939 2

181 950 318 996 dignis,
336 949 583 993 dilectissimi,
606 949 833 985 exsultemus
867 960 960 993 gau·
996 970 997 977 κ

180 997 266 1042 diis,
285 1001 323 1034 et
348 997 410 1044 pia
442 996 650 1043 gratiarum
683 995 833 1032 actione
854 995 960 1032 laete-
995 1005 997 1035 ἕ

182 1055 277 1080 mur.
304 1044 421 1080 Hodie
443 1044 542 1080 enim
565 1054 639 1079 non
658 1043 778 1079 solum
793 1042 960 1088 paradisi
994 1087 996 1090 ι

180 1102 416 1137 possessores
435 1090 574 1126 firmati
597 1100 741 1133 sumus;
765 1090 830 1125 sed
853 1090 961 1126 coelo-
994 1103 996 1132 ;

178 1149 262 1175 rum
284 1139 397 1175 etiam
418 1139 456 1174 in
477 1137 624 1173 Christo
650 1147 813 1182 superna
843 1147 958 1182 pene-
993 1169 995 1181 4

178 1186 370 1226 travimus,
396 1184 582 1231 ampliora
610 1183 736 1230 adepti
770 1194 838 1229 per
867 1183 959 1220 ines·
994 1220 995 1223 ,

177 1233 330 1270 fabilem
363 1231 502 1269 Christi
534 1231 710 1277 gratiam,
746 1241 859 1277 quam
892 1242 959 1276 per
992 1239 995 1254 ³

177 1279 316 1317 diaboli
343 1280 593 1316 amiseramus
628 1278 819 1314 invidiam.
848 1279 954 1318 Nam,

176 1338 272 1374 quos
292 1327 501 1363 virulentus
527 1325 703 1362 inimicus
720 1324 831 1371 primi
854 1325 957 1362 habi-

174 1374 288 1411 taculi
309 1374 487 1410 felicitate
508 1373 659 1419 dejecit,
684 1383 749 1409 eos
769 1371 839 1408 sibi
864 1383 954 1408 con-

175 1425 394 1467 corporatos
416 1421 481 1457 Dei
508 1420 621 1456 Filius
644 1421 691 1456 ad
716 1418 839 1456 Patris
866 1420 955 1455 dex-

174 1472 294 1506 teram
317 1467 526 1505 collocavit.

227 1532 268 1564 ¹9
307 1517 383 1553 Cor.
410 1527 574 1551 NOSTRUM
599 1525 804 1550 ASCENDERE
843 1525 955 1550 DEBET

174 1575 244 1600 cmi
274 1565 444 1600 Cnmsro.
468 1582 511 1587 -κ
532 1561 737 1598 Audiamus
769 1565 805 1597 et
825 1563 954 1606 Anqu-

173 1613 312 1647 stinum
331 1611 378 1647 de
397 1611 468 1646 hac
494 1609 694 1646 festivitate
716 1608 769 1644 sic
790 1609 954 1654 loquen—

173 1661 250 1694 tem
271 1671 278 1696 :
302 1671 319 1692 «
339 1658 472 1703 Hodie,
494 1658 591 1693 sicut
608 1655 780 1700 audistis,
804 1656 952 1702 fratres,

172 1705 356 1743 Dominus
376 1708 486 1743 Jesus
521 1705 695 1740 Christus
725 1702 894 1739 ascendit
912 1703 951 1738 in

171 1753 334 1797 coelum3
356 1752 537 1789 ascendat
559 1761 643 1787 cum
660 1751 722 1786 illo
740 1754 777 1785 et
798 1761 861 1785 cor
883 1761 950 1786 no-

172 1803 305 1836 strum.
332 1800 433 1837 Sicut
466 1798 565 1835 enim
592 1798 656 1833 ille
676 1796 860 1840 ascendit,
882 1808 950 1832 nec

168 1847 325 1883 recessit
346 1858 368 1882 a
390 1844 518 1888 nobis;
538 1844 591 1880 sic
611 1850 647 1879 et
668 1854 736 1878 nos
769 1854 853 1895 cum
886 1843 949 1879 illo

165 1894 246 1940 jam
267 1893 397 1937 simus,
421 1891 594 1938 quamvis
614 1890 781 1926 nondum
803 1901 842 1925 1n
870 1900 950 1925 cor-

168 1951 261 1987 pore
283 1940 499 1986 nostrojam
514 1939 655 1974 factum
672 1939 720 1973 sit
742 1937 842 1982 quod
860 1947 948 1983 pro-

168 1987 332 2024 mittitur
349 1987 471 2024 nobis.
495 1987 587 2023 Cum
607 1984 776 2021 ascendit
804 1984 843 2019 in
872 1995 948 2020 coe-

169 2035 263 2079 lum,
285 2046 353 2071 nos
371 2035 417 2071 ab
440 2034 503 2070 illo
522 2043 598 2069 non
617 2041 849 2078 separamur.
867 2032 948 2067 Non
985 2069 987 2076 ,

168 2082 276 2119 nobis
290 2081 432 2118 invidet
449 2081 599 2123 coelum3
614 2080 678 2115 sed
699 2078 946 2125 quodammo-

168 2129 216 2166 do
246 2130 384 2166 clamat
408 2140 417 2165 ε
449 2130 530 2165 Mea
561 2127 732 2163 membra
756 2128 888 2170 estote,
917 2125 947 2161 si

168 2177 370 2213 ascendere
400 2176 510 2212 vultis
545 2173 585 2210 in
625 2173 772 2210 coelum.
802 2174 843 2208 In
877 2173 948 2209 hoc

167 2234 256 2270 ergo
293 2234 424 2260 omnes
459 2221 608 2259 interim
647 2221 883 2273 roboremur,
908 2219 947 2256 in

165 2272 237 2307 hoc
258 2271 354 2307 votis
385 2270 560 2307 omnibus
581 2271 796 2320 aestuemus,
816 2278 855 2303 ln
875 2268 946 2303 hoc

165 2318 392 2354 meditemur
407 2318 446 2353 in
467 2316 601 2362 terris3
619 2316 717 2361 quod
740 2314 944 2360 aliquando

165 2368 426 2411 computemur
441 2366 479 2400 in
497 2363 663 2400 coelis.Et
676 2362 740 2408 qui
759 2365 847 2414 tunc
864 2372 946 2398 exu-

163 2411 238 2448 turi
258 2422 386 2448 sumus
406 2422 558 2448 carnem
579 2409 942 2453 mortalitatis,nunc

161 2469 343 2495 exuamur
355 2458 492 2495 animae
507 2460 705 2494 vetustate.
726 2457 848 2492 Facile
863 2466 941 2491 cor-

158 2516 229 2552 pus
266 2507 452 2542 levabitur
482 2506 530 2542 vin
569 2506 642 2541 alta
682 2505 875 2546 coelorum,
909 2503 939 2539 si

157 2563 233 2589 non
261 2557 409 2599 premat
439 2552 613 2599 spiritum
633 2551 783 2588 sarcina
811 2560 941 2596 pecca-

155 2602 297 2637 torum.
311 2613 328 2634 »
345 2601 388 2635 Et
405 2599 541 2636 iterum
563 2611 570 2635 :
591 2613 607 2633 «
627 2599 721 2642 Quia
742 2609 828 2634 vero
846 2601 938 2633 tem-

152 2647 274 2694 porali
295 2647 431 2684 Christi
464 2646 669 2692 praesentia
697 2646 836 2681 viduati
873 2655 934 2680 su-

153 2705 254 2739 mus,
276 2694 325 2731 ad
343 2700 523 2730 aeternam
549 2694 627 2739 ejus
653 2693 837 2729 visionem
855 2694 934 2728 tota

153 2741 364 2778 intentione
382 2740 599 2777 festinemus
612 2740 721 2786 eique
738 2740 928 2775 dii-amus:

157 2790 240 2824 Tibi
257 2789 357 2825 dimit
373 2799 432 2825 cor
444 2799 574 2829 meum,
597 2789 799 2832 eoequisivit
817 2790 850 2822 te
867 2788 930 2828 fa-

196 176 254 207 ·..35
608 173 818 207 SECUNDAE
855 172 1016 207 PARTIS
1053 173 1189 206 CAPUT
1228 172 1397 206 Lxxxu

1047 244 1116 278 cies
1139 252 1242 284 mea3
1273 243 1406 285 faciem
1438 246 1551 284 tuam,
1585 245 1744 287 Domine,
1765 254 1821 280 re-

1046 291 1203 335 quiram.
1227 290 1318 324 Tota
1333 299 1497 335 namque
1511 290 1739 336 dispensatio
1756 291 1822 327 hu-

1045 336 1235 372 manitatis
1251 335 1388 371 Christi
1405 337 1495 372 nihil
1507 337 1608 373 aliud
1629 338 1728 382 fecit,
1741 337 1822 374 nisi

1046 387 1085 419 ut
1119 382 1365 419 intentionem
1395 388 1561 420 nostram
1587 384 1636 420 ad
1657 395 1822 432 superna

1045 429 1225 475 dirigeret
1241 441 1249 473 ;
1264 434 1300 465 et
1321 440 1363 465 ex
1374 432 1543 476 tempore
1562 435 1704 468 nostrae
1722 443 1821 468 mor-

1044 476 1200 513 talitatis
1217 477 1264 513 ad
1283 476 1522 514 manifestam
1554 476 1739 515 visionem
1763 478 1820 515 sui

1043 525 1267 570 perduceret
1284 535 1293 567 ;
1315 535 1358 560 ac
1378 524 1577 569 perductos
1589 527 1731 562 aeterna
1743 525 1822 562 vul-

1045 576 1102 607 tus
1124 570 1180 607 sui
1202 570 1324 618 gloria
1346 570 1515 608 satiaret.
1539 585 1558 604 »
1580 573 1626 608 Et
1649 573 1786 609 iterum
1807 586 1818 609 :

1046 633 1064 651 «
1088 620 1174 654 Haec
1200 619 1336 664 quippe
1360 618 1608 656 solemnitatis
1627 620 1742 666 hujus
1765 622 1822 656 est

1043 665 1154 709 ratio,
1177 668 1215 701 ut
1249 666 1438 702 Christum
1458 667 1505 702 ad
1525 667 1718 703 dexteram
1747 667 1818 703 Pa-

1042 712 1110 748 tris
1129 713 1209 759 Jam
1230 723 1392 758 regnare
1415 713 1614 750 credamus
1632 724 1642 758 3
1664 717 1702 749 et
1720 712 1818 750 inte-

998 766 999 809 ]
1042 760 1113 795 rim
1135 769 1219 795 eum
1238 759 1342 805 quasi
1363 759 1524 806 geminis
1538 761 1719 798 virtutum
1732 760 1817 806 alis,

997 815 999 829 ⁴
1041 806 1208 843 caritatis
1222 807 1364 843 scilicet
1382 810 1417 843 et
1432 809 1511 854 spei
1529 808 1815 854 subsequamur:

1041 857 1081 890 ut
1101 864 1185 890 cum
1204 853 1404 890 tradiderit
1415 865 1576 901 regnum
1597 857 1674 892 Deo
1696 854 1815 900 Patri,

1041 900 1121 936 sine
1148 901 1224 937 fine
1248 911 1333 937 cum
1363 912 1408 937 eo
1438 912 1651 948 regnemus.
1674 902 1816 938 Ascen-

1041 948 1174 984 damus
1206 959 1291 984 cum
1323 948 1472 984 Christo
1505 949 1659 986 interim
1689 949 1816 994 corde,

1040 998 1079 1031 ut
1100 1006 1183 1031 cum
1205 995 1285 1042 dies
1305 995 1515 1041 promissus
1537 995 1746 1042 advenerit,
1758 1007 1816 1033 se-

1041 1052 1200 1088 quamur
1224 1046 1260 1078 et
1286 1053 1442 1086 corpore
1465 1058 1473 1080 :
1497 1056 1516 1076 »
1537 1044 1619 1080 haec
1635 1045 1816 1088 Anqusti-

1038 1100 1120 1125 nus.
1144 1090 1248 1126 Unde
1269 1089 1382 1126 etiam
1401 1090 1595 1135 Gregorius
1615 1103 1626 1127 ε
1647 1104 1664 1126 «
1683 1092 1814 1137 Igitur,

1038 1136 1174 1173 fratres
1197 1136 1396 1181 carissimi,
1417 1141 1565 1184 oportet
1584 1141 1628 1174 ut
1647 1137 1736 1174 illuc
1761 1149 1816 1175 se÷

1038 1193 1198 1229 quamur
1218 1186 1344 1229 corde,
1367 1185 1429 1220 ubi
1456 1195 1543 1230 eum
1567 1195 1725 1231 corpore
1751 1195 1814 1222 as-

1037 1231 1208 1267 cendisse
1229 1231 1416 1268 credimus
1440 1243 1448 1268 :
1477 1231 1666 1268 desideria
1691 1236 1812 1268 terre-

1036 1288 1086 1314 na
1106 1278 1302 1323 fugiamus,
1328 1278 1419 1314 nihil
1447 1280 1527 1326 J'am
1558 1290 1626 1315 nos
1652 1279 1814 1316 delectet

1036 1325 1074 1360 in
1101 1325 1256 1369 intimis,
1280 1327 1342 1371 qui
1371 1328 1521 1362 Patrem
1556 1327 1740 1363 habemus
1772 1327 1812 1363 in

1037 1373 1162 1416 coelis;
1185 1376 1222 1408 et
1240 1372 1269 1408 si
1291 1374 1414 1408 adhuc
1427 1373 1489 1409 hic
1502 1377 1675 1410 tenemur
1693 1373 1733 1409 in
1750 1373 1826 1409 in-.

1035 1419 1214 1455 firmitate
1239 1419 1420 1466 corporis,
1453 1431 1658 1465 sequamur
1682 1423 1811 1457 tamen

1034 1476 1121 1502 eum
1141 1466 1312 1512 passibus
1331 1466 1483 1503 amoris.
1505 1469 1588 1503 Non
1605 1470 1732 1504 autem
1744 1467 1808 1504 de-

1034 1512 1125 1549 serit
1157 1513 1385 1550 desiderium
1418 1517 1604 1560 nostrum,
1634 1514 1715 1560 ipse
1747 1514 1809 1560 qui

1034 1560 1253 1597 deditJesus
1262 1560 1433 1598 Christus
1442 1562 1623 1598 Dominus
1632 1564 1774 1598 noster:
1790 1575 1808 1596 »

1032 1608 1114 1644 haec
1142 1608 1347 1652 Gregorius.
1376 1610 1555 1645 Ascendit
1587 1619 1676 1655 ergo
1699 1608 1808 1644 Chri-

1032 1658 1169 1699 stus,ut
1184 1654 1367 1701 corporali
1382 1655 1581 1700 praesentia
1597 1656 1803 1701 subtracta,

1030 1705 1208 1748 provocet
1223 1703 1399 1739 affectum
1420 1703 1567 1747 mundi,
1580 1706 1616 1739 et
1632 1705 1711 1739 toto
1728 1713 1808 1739 cor-

1031 1749 1077 1785 de
1112 1760 1198 1785 eum
1231 1749 1500 1786 desideremus.
1529 1752 1573 1786 Et
1596 1749 1696 1793 ideo,
1720 1761 1806 1796 quae

1030 1806 1181 1832 sursum
1206 1800 1294 1832 sunt
1329 1807 1556 1842 quaeramus,
1579 1797 1702 1843 quoad
1730 1798 1805 1833 vim

1030 1843 1317 1886 intellectivam;
1347 1854 1429 1888 quae
1453 1854 1602 1880 sursum
1634 1846 1720 1880 sunt
1745 1854 1803 1880 sa-

1028 1889 1189 1936 piamus,
1221 1890 1344 1936 quoad
1378 1891 1451 1926 vim
1481 1890 1706 1928 affectivam.
1743 1890 1804 1927 Sic

1028 1937 1197 1972 ascendit
1216 1937 1329 1973 corde
1355 1938 1462 1974 miles
1488 1937 1656 1984 quidam,
1678 1938 1740 1984 qui
1763 1938 1803 1974 in

1028 1984 1198 2030 partibus
1229 1984 1486 2020 ultramarinis
1513 1984 1641 2021 omnia
1659 1984 1743 2021 loca
1765 1985 1802 2021 in

1028 2031 1162 2076 quibus
1184 2032 1355 2067 Salvator
1384 2035 1513 2068 noster
1538 2032 1672 2073 fuerat,
1697 2032 1800 2068 solli-

1027 2078 1098 2114 cite
1122 2089 1205 2114 cum
1230 2078 1404 2126 lacrymis
1427 2078 1613 2124 visitavit3
1643 2081 1680 2115 et
1712 2079 1800 2116 dum

1026 2126 1153 2162 omnia
1178 2129 1308 2162 sancta
1342 2127 1424 2163 loca
1448 2127 1581 2162 devote
1613 2126 1799 2173 perquisi-

1025 2172 1152 2217 visset,
1174 2173 1304 2210 ultimo
1331 2173 1434 2210 venit
1463 2173 1501 2209 in
1523 2177 1692 2210 montem
1723 2173 1799 2210 Oli-

1024 2219 1098 2256 veti
1115 2220 1214 2256 unde
1233 2220 1411 2257 Dominus
1427 2220 1611 2265 ascendit,
1635 2220 1696 2258 ubi
1713 2225 1799 2267 post

1022 2267 1173 2313 longam
1200 2267 1411 2304 orationem
1441 2278 1526 2305 cum
1550 2267 1726 2314 lacrymis
1748 2267 1798 2304 di-

1021 2314 1074 2349 xit
1101 2325 1109 2349 :
1134 2316 1239 2358 Ecce,
1274 2315 1446 2360 Domine,
1467 2314 1608 2361 ubique
1642 2314 1794 2360 quaesivi

1021 2365 1058 2397 te
1078 2361 1291 2406 diligenter,
1312 2362 1521 2408 usquedum
1547 2361 1717 2401 venerim
1748 2363 1795 2398 ad

1020 2408 1143 2444 locum
1178 2408 1240 2444 ubi
1277 2409 1390 2445 coelos
1423 2408 1635 2446 ascendisti.
1666 2408 1795 2446 Nescio

1019 2456 1081 2491 ubi
1101 2455 1261 2502 amplius
1293 2462 1329 2492 te
1359 2456 1565 2503 requiram,
1582 2456 1674 2503 jube
1705 2467 1794 2502 ergo

1018 2501 1190 2548 spiritum
1214 2513 1339 2540 meum
1359 2503 1512 2550 suspici,
1532 2507 1572 2540 ut
1595 2503 1643 2539 ad
1663 2503 1792 2540 dexte-

1017 2560 1097 2585 ram
1120 2550 1239 2586 Patris
1273 2551 1420 2587 videam
1448 2555 1483 2587 te
1502 2551 1732 2588 residentem
1751 2549 1791 2586 in

1015 2596 1146 2641 gloria.
1171 2599 1213 2632 Et
1233 2597 1292 2633 his
1329 2598 1453 2643 dictis,
1474 2597 1646 2643 spiritum
1682 2608 1791 2634 suum

1012 2643 1090 2679 sine
1117 2644 1246 2680 dolore
1273 2645 1447 2681 reddidit.
1473 2646 1532 2682 Sic
1552 2648 1590 2682 et
1621 2655 1689 2680 nos
1714 2645 1788 2680 Do·

1011 2690 1154 2726 minum
1180 2701 1246 2737 per
1264 2691 1411 2740 singula
1430 2703 1497 2729 sua
1517 2702 1633 2738 opera
1652 2694 1689 2727 et
1709 2692 1788 2727 vir-

1009 2740 1130 2773 tutum
1149 2738 1325 2775 exercitia
1340 2750 1566 2785 quaeramus
1579 2741 1618 2774 ut
1635 2739 1787 2775 tandem

1007 2784 1055 2820 ad
1075 2795 1160 2821 eum
1185 2786 1392 2823 ascendere
1415 2788 1616 2823 valeamus.

1881 2707 1911 2803 sta,-
