1924 3157
135 155 176 188 56

139 227 211 264 Per
249 237 361 273 quam
416 224 703 272 responsionem
747 227 908 261 mortem

138 273 285 311 Christo
310 273 448 309 inferre
478 272 686 317 inhibebat,
715 272 803 318 quia
835 273 907 308 Ro-

136 322 235 358 mani
250 320 377 366 aliqua
391 319 753 365 minorajudicantla
766 319 908 356 Jutlaeis

135 369 375 409 dimiserant;
395 367 459 402 sed
480 377 633 402 cansam
654 366 852 410 sanguinis
873 369 910 402 ct

135 416 248 452 altam
259 414 443 460 justitiam
457 413 524 449 sibi
542 413 786 450 retinuerant.
807 414 910 449 Unde

132 474 215 507 erqo
235 463 410 496 (temerant
430 463 462 496 ei
494 461 614 496 Jttdaet'
654 474 664 496 :
703 462 814 498 Nobis
839 472 909 495 non

134 512 218 545 licet
256 510 456 553 interficere
496 519 728 553 quemqnam,
768 507 912 543 scilicet

131 559 286 602 propter
307 559 534 601 potestatem
557 555 604 591 ad
626 555 720 590 alios
747 555 909 590 transla-

135 608 223 639 tam.
246 604 385 638 Tamen
408 606 541 637 contra
558 603 702 648 seipsos
720 601 908 645 dicebant,

134 650 222 696 quia
241 649 536 693 interficiebant,
561 659 674 694 quem
696 648 835 695 injuste
859 648 911 683 in—

134 696 400 733 terficiendum
431 697 659 739 offerebant,
689 700 725 731 et
762 696 911 740 sangui-

135 754 220 780 nem
258 743 501 779 innocentem
539 743 762 787 fundebant,
801 752 911 788 quem

134 791 367 827 fundendum
403 790 513 826 alteri
549 790 764 826 tradebant.
796 791 911 835 Argu-

136 842 306 874 mentum
328 842 457 873 contra
485 837 704 880 sentientes,
734 837 791 872 vel
826 847 911 882 pr.»-

136 889 325 929 cnrantes,
343 888 409 920 aut
429 884 648 920 simulantes
663 884 837 919 fraudem
860 883 914 918 in-

137 932 333 968 ferendam
356 933 539 977 proximo,
566 942 649 966 cum
673 930 818 976 possint
846 931 912 965 ob-

138 979 240 1015 viare
266 978 390 1022 malo;
422 978 510 1024 quia
530 979 623 1013 tales
657 978 799 1013 similes
827 981 916 1012 sunt

138 1026 278 1062 Jndaeis
309 1026 388 1061 haec
411 1025 637 1061 dicentibus.
661 1028 697 1060 ct
723 1026 793 1060 sub
816 1035 914 1070 prte-

137 1077 237 1109 textu
253 1072 409 1119 justitian
423 1072 479 1108 vel
499 1072 769 1117 cujuscumque
791 1082 914 1107 causae

136 1131 243 1156 suam
262 1119 470 1166 nequitiam
485 1118 786 1154 defendentibus.
811 1118 915 1154 Multi

136 1167 251 1203 etiam
287 1167 375 1202 mali
403 1166 530 1202 clerici
555 1165 609 1202 sic
644 1166 785 1210 dicunt,
815 1165 915 1201 scili-

137 1218 214 1251 cet:
229 1214 344 1250 Nobis
360 1225 434 1249 non
453 1213 539 1249 licet
553 1213 768 1248 interficere
789 1223 914 1258 quem-

137 1272 264 1307 quam,
288 1261 544 1306 intelligentes
564 1260 609 1296 de
637 1263 760 1296 morte
780 1270 916 1305 corpo-

138 1308 221 1352 rali,
247 1308 312 1354 qui
344 1311 471 1344 tamen
508 1318 575 1353 pro
600 1306 750 1342 modico
774 1307 918 1342 liabent

138 1357 274 1391 multos
315 1355 533 1390 interficere
567 1365 635 1390 suo
668 1354 767 1389 malo
796 1364 917 1389 exem—

138 1403 214 1448 plo,
236 1407 357 1438 morte
392 1401 595 1447 spirituali,
628 1412 711 1446 quae
736 1401 841 1446 pejor
861 1404 918 1436 est

139 1449 402 1485 intersectione
422 1448 622 1494 corporali.
643 1448 721 1491 Vel,
744 1448 918 1483 dixerunt

139 1495 274 1540 Judaei,
304 1495 375 1532 sibi
412 1506 490 1531 non
515 1495 632 1531 licere
668 1494 742 1530 illis
769 1494 917 1538 diebus,

139 1547 295 1589 propter
317 1543 399 1579 festi
425 1541 707 1578 solemnitatem
725 1546 761 1577 et
782 1541 918 1577 sancti-

140 1590 383 1636 tatem,qu0d
403 1590 596 1625 celebrare
612 1590 692 1635 Jam
710 1593 917 1635 coeperant,

143 1641 294 1683 propter
314 1637 416 1683 qnod
439 1637 485 1672 de
507 1636 679 1683 ingressu
693 1636 805 1671 etiam
825 1647 918 1681 prae-

138 1685 224 1720 torii
259 1683 509 1720 contaminari
545 1684 778 1720 metuebant.
812 1683 918 1719 Unde

138 1733 399 1776 Angyustinus:
425 1745 442 1763 «
463 1730 499 1767 Si
523 1731 747 1766 malefactor
766 1734 836 1774 est,
853 1741 919 1766 cur

140 1790 215 1814 non
245 1779 332 1814 licet
354 1777 602 1814 interlicere?
625 1777 662 1813 Si
683 1780 838 1823 propter
865 1777 918 1813 se-

139 1829 238 1861 stum
261 1836 336 1861 non
360 1824 464 1861 licuit
493 1825 722 1868 interficere,
745 1835 813 1860 cur
833 1835 920 1860 cru-

139 1873 264 1918 cifige,
304 1872 484 1918 crucifige
519 1883 619 1916 eum,
654 1872 871 1907 clamastis?
901 1885 918 1905 »

138 1921 219 1964 Vel,
236 1921 308 1955 hoc
327 1920 448 1955 Judaet
474 1919 660 1962 dixerunt,
683 1918 771 1964 quia
797 1918 919 1954 cruci-

139 1966 202 2013 figi
219 1977 318 2010 eum,
342 1970 381 2002 ut
403 1966 516 2002 etiam
538 1967 649 2002 modo
673 1966 802 2001 mortis
827 1965 922 2002 int'a-

141 2018 321 2058 maretur,
339 2013 559 2059 cupiebant;
582 2018 618 2048 et
637 2014 706 2048 hoc
723 2013 776 2049 eis
791 2024 921 2049 secun-

143 2062 232 2097 dum
265 2062 400 2106 Legem
438 2072 514 2096 non
554 2061 705 2105 licebat,
732 2060 818 2096 licet
849 2062 921 2096 alio

142 2108 253 2144 modo
271 2110 423 2153 possent
436 2108 678 2154 blasphemos
692 2108 919 2152 interficere,

142 2156 291 2201 qualem
314 2155 504 2191 Christum
526 2154 762 2200 reputabant,
789 2158 828 2190 ut
856 2166 919 2199 pa-

142 2204 214 2238 tuit
231 2202 269 2237 in
291 2203 484 2248 Stephano
507 2203 553 2238 ab
573 2201 627 2237 eis
648 2201 826 2248 lapidato.
843 2204 920 2238 Hoc

144 2254 270 2286 autem
292 2250 430 2285 factum
448 2252 518 2289 est,
543 2253 582 2284 ut
597 2260 710 2284 sermo
738 2251 821 2284 Jesu
842 2251 920 2285 im·-

142 2298 317 2342 meretur,
340 2307 446 2341 quem
467 2297 580 2340 dimit,
608 2298 823 2342 siqnifieans
847 2308 920 2342 qua

145 2347 258 2379 morte
268 2349 357 2378 esset
378 2343 634 2385 moriturtcs‚id
647 2347 704 2379 est
725 2354 747 2379 a
768 2343 916 2390 quibus,

146 2401 221 2426 non
241 2390 342 2425 enim
361 2394 521 2425 mortem
542 2391 663 2426 crucis
684 2390 745 2426 hic
765 2390 919 2436 signifi—

145 2443 228 2481 cat;
253 2437 319 2472 scd
339 2437 427 2482 quia
448 2448 469 2472 a
485 2437 668 2473 Gentibus
690 2441 789 2473 esset
810 2437 920 2473 mori-

145 2488 266 2527 turus,
295 2489 331 2519 et
367 2484 467 2529 quod
492 2484 613 2520 Judaei
644 2495 730 2520 eum
758 2485 919 2520 tuissent

145 2531 324 2567 Gentibus
343 2530 518 2566 tradituri
543 2531 591 2566 ad
610 2531 860 2576 illudendum,
883 2537 920 2568 et

146 2578 475 2623 flagellandum,et
495 2577 811 2623 crucifigendum:
837 2580 918 2614 haec

146 2626 248 2661 enim
275 2627 348 2660 tria
388 2624 567 2660 Dominus
604 2636 626 2660 a
653 2625 835 2661 Gentibus
863 2630 919 2662 est

143 2683 291 2719 passus.
314 2671 406 2715 Quia
434 2671 532 2706 enim
563 2671 723 2718 propriis
744 2672 918 2709 manibus

145 2719 265 2756 Judaei
293 2719 493 2755 noluerunt
517 2729 602 2754 eum
629 2719 856 2763 interficere,
880 2724 917 2756 ut

146 2767 198 2803 sic
221 2766 282 2813 qui
305 2766 425 2813 magis
448 2767 654 2812 peccabant
675 2766 780 2812 quasi
804 2767 918 2804 alieni

605 155 810 189 SECUNDAE
849 156 1004 190 PARTIS
1045 153 1183 188 CAPUT
1224 152 1298 187 LXI

983 227 1110 261 essent
1129 234 1150 259 a
1171 222 1338 266 scelere3
1364 220 1541 267 impletus
1558 224 1615 257 est
1635 229 1761 256 sermo

982 274 1084 313 Jesn,
1108 280 1221 317 quem
1250 269 1295 304 de
1325 278 1393 303 sua
1425 272 1545 304 morte
1572 266 1761 313 praedixit,

984 318 1135 359 scilicet,
1161 316 1258 363 quod
1280 326 1302 351 a
1321 315 1461 351 Judaeis
1486 316 1646 351 traditus
1669 315 1764 351 occi·

985 367 1137 401 deretur
1155 375 1177 400 a
1198 363 1392 399 Gentibus.

1033 429 1052 456 q
1072 413 1194 447 1⁴¹.stAE
1209 412 1406 446 Juneonun
1424 420 1702 444 ACCUSATIONES.
1727 427 1763 434 —-

986 452 1172 505 (Imperant
1192 461 1312 493 autem
1342 457 1448 491 illum
1475 466 1647 491 accusare
1667 454 1764 490 false

986 508 1023 541 in
1041 505 1182 543 multis.
1203 505 1248 540 de
1264 503 1401 549 quibus
1415 502 1535 538 solum
1550 502 1623 538 tria
1640 501 1764 548 expri-

986 556 1153 597 muntur,
1179 563 1261 597 quae
1289 552 1406 586 Lucas
1428 549 1635 585 successive
1656 548 1765 595 ponit

985 601 1141 635 dicentes
1164 611 1171 634 :
1195 601 1297 634 Hune
1315 599 1520 633 invenimus
1546 597 1764 632 subverten-

987 652 1055 683 tem
1076 651 1215 691 ⁸qentem
1245 648 1421 685 nostram,
1447 643 1590 679 scilicet
1612 643 1765 680 Judaeo-

986 705 1082 737 rum,
1104 705 1125 730 a
1141 694 1242 729 cultu
1264 691 1384 738 Legis,
1400 691 1532 727 falsam
1553 689 1765 726 doctrinam

986 741 1226 784 seminand03
1268 744 1301 775 et
1337 739 1587 785 prohibentem
1624 737 1765 773 tributa

986 789 1070 823 deiri
1086 790 1232 831 Caesari,
1250 791 1287 822 et
1304 786 1356 822 sic
1372 785 1477 831 qnasi
1495 789 1626 821 contra
1640 784 1766 830 ipsum

987 835 1210 871 seditionem
1238 834 1428 876 t'aciendo;
1453 836 1486 868 et
1518 833 1694 868 dicentem
1730 842 1767 866 se

988 884 1169 918 Christum
1180 884 1309 925 ResJem
1320 891 1406 924 esse,
1418 879 1525 926 quasi
1539 879 1668 915 volens
1680 878 1766 914 sibi-

988 929 1137 974 metipsi
1154 939 1310 974 regnum
1329 927 1547 964 Judaeorum
1566 936 1767 972 usurpare.

987 976 1145 1012 Nomine
1165 975 1302 1012 Christi
1323 985 1432 1020 reges
1458 974 1682 1010 Judaeorum
1704 984 1766 1018 ap-

989 1023 1244 1069 pellabantur,
1267 1026 1419 1068 propter
1445 1021 1678 1064 unctionem,
1701 1019 1770 1055 sed

989 1071 1181 1107 addebant
1206 1071 1361 1115 Regem,
1384 1068 1544 1104 dicendo
1577 1068 1769 1103 Christum

992 1120 1146 1164 Regem,
1187 1117 1310 1163 gratia
1346 1114 1642 1161 explanationis;
1682 1113 1770 1160 quia

991 1165 1133 1201 Pilatus
1159 1163 1316 1200 Gentilis
1344 1167 1437 1202 erat.
1473 1162 1642 1199 Gentiles
1679 1172 1767 1197 vero

990 1223 1097 1258 reges
1117 1223 1204 1247 suos
1227 1222 1298 1246 non
1321 1210 1514 1256 ungebant
1535 1212 1631 1245 sicut
1646 1208 1768 1246 Judaei

990 1259 1192 1304 faciebant,
1213 1262 1248 1294 ct
1266 1258 1364 1299 ideo,
1378 1257 1409 1292 si
1429 1257 1461 1292 ei
1481 1259 1578 1302 quoti
1593 1260 1646 1292 est
1665 1255 1769 1292 Chri-

991 1310 1104 1350 stum,
1123 1306 1160 1341 id
1176 1309 1233 1342 est
1252 1309 1422 1348 unctum,
1437 1315 1512 1340 non
1535 1303 1770 1340 addidissent

991 1355 1145 1399 Regem,
1159 1353 1301 1388 Pilatus
1317 1363 1392 1387 non
1414 1351 1672 1388 intellexisset.
1696 1350 1769 1387 Sed

991 1401 1095 1436 falsae
1120 1405 1230 1436 erant
1255 1399 1535 1436 accusationes.
1562 1399 1666 1435 Unde
1692 1408 1768 1433 non

990 1448 1087 1484 bene
1115 1447 1288 1483 dicebant
1312 1448 1531 1486 invenimus,
1561 1446 1649 1491 quia
1669 1445 1769 1490 quod

990 1495 1023 1531 ei
1046 1495 1295 1540 imponebant
1329 1497 1514 1536 non,erat
1536 1492 1591 1528 rei
1616 1495 1768 1537 veritas,

991 1542 1058 1578 sed
1078 1543 1244 1577 bumana
1262 1541 1364 1577 fictio
1380 1543 1416 1576 et
1431 1539 1665 1576 adinventio.
1688 1540 1771 1575 Non

991 1589 1092 1625 enim
1120 1588 1304 1625 subvertit
1324 1592 1476 1634 gentem
1501 1599 1522 1623 a
1548 1588 1660 1634 Lege,
1683 1585 1772 1633 quia

990 1640 1031 1672 ut
1052 1636 1131 1683 ipse
1163 1635 1254 1671 dixit
1277 1647 1284 1671 :
1315 1638 1394 1673 Non
1422 1636 1506 1670 veni
1536 1636 1672 1670 solvere
1696 1636 1770 1670 Le—

990 1695 1068 1728 qem
1103 1687 1168 1719 aut
1204 1684 1416 1729 Prophetas,
1453 1682 1516 1717 sed
1544 1682 1770 1727 adimplere;

991 1742 1059 1767 nec
1076 1729 1272 1772 subvertit,
1290 1730 1355 1765 sed
1371 1730 1572 1774 convertit,
1595 1739 1690 1774 quos
1708 1728 1772 1764 do-

992 1778 1066 1813 cuit
1086 1778 1123 1813 in
1141 1777 1312 1813 veritate.
1332 1778 1406 1813 Nec
1423 1775 1773 1822 prohibuittributa

992 1825 1131 1861 Caesari
1154 1824 1249 1867 dari,
1271 1825 1336 1860 sed
1357 1824 1450 1860 dixit
1481 1835 1489 1859 ε
1512 1824 1668 1860 Reddite
1686 1834 1770 1866 erqo

993 1884 1070 1918 quae
1091 1876 1177 1907 sunt
1199 1873 1350 1908 Ctesaris
1372 1873 1519 1910 Caesari,
1539 1874 1572 1906 et
1587 1881 1668 1916 quae
1684 1873 1772 1906 sunt

994 1922 1058 1955 Dei
1078 1922 1169 1964 Deo;
1196 1922 1233 1955 ct
1253 1919 1349 1955 liber
1368 1930 1390 1954 a
1413 1918 1570 1962 tributo,
1594 1928 1640 1953 ne
1662 1928 1770 1953 scan-

993 1966 1186 2008 dalizaret,
1211 1966 1322 2002 solvit
1347 1966 1532 2002 tributum
1563 1975 1632 2011 pro
1669 1976 1708 2000 se
1735 1967 1772 1999 et

995 2016 1121 2050 Petro.
1159 2013 1294 2049 Dicens
1323 2024 1474 2059 quoque
1513 2023 1552 2048 se
1578 2011 1770 2048 Christum

995 2063 1135 2106 Regem
1164 2071 1259 2104 esse,
1295 2071 1427 2096 verum
1448 2059 1554 2101 dixit,
1589 2059 1676 2095 licet
1712 2069 1770 2094 re-

994 2119 1113 2154 gnum
1136 2107 1175 2143 in
1197 2108 1268 2143 hoc
1290 2108 1431 2143 mundo
1460 2108 1603 2143 habere
1624 2106 1740 2142 nollet
1759 2117 1769 2150 ;

994 2155 1082 2201 quia
1099 2166 1183 2191 cuni
1208 2154 1278 2201 ipsi
1298 2155 1439 2190 vellent
1459 2164 1544 2190 eum
1572 2164 1700 2199 regem
1721 2154 1773 2189 l'a-

994 2213 1092 2247 cere,
1122 2201 1229 2248 fugit,
1252 2205 1288 2238 et
1324 2213 1484 2248 regnum
1516 2200 1675 2247 respuit.
1698 2200 1771 2247 lgi-

993 2253 1067 2294 tur,
1089 2252 1128 2285 ut
1149 2251 1202 2285 ait
1222 2250 1334 2292 Beda,
1357 2252 1568 2294 arguuntur
1588 2247 1772 2294 impieta-

992 2296 1038 2332 tis
1059 2296 1192 2337 Judaei‚
1219 2297 1320 2342 quod
1353 2299 1574 2332 accusantes
1608 2295 1773 2331 Salvato-

992 2355 1087 2387 rem,
1110 2348 1147 2379 et
1171 2343 1266 2379 falso
1292 2343 1460 2389 quidem,
1483 2353 1606 2388 neque
1627 2342 1772 2388 aliquid

991 2390 1199 2427 verisimile
1233 2392 1334 2436 quod
1365 2390 1398 2426 ei
1426 2390 1591 2436 objicere
1626 2390 1773 2436 possint

991 2438 1203 2474 inveniunt.
1241 2439 1292 2474 De
1325 2437 1445 2484 prima
1481 2437 1597 2484 igitur
1623 2447 1774 2473 accusa-

990 2485 1109 2529 tione,
1131 2489 1324 2530 tamquam
1363 2485 1498 2520 frivola
1525 2488 1562 2520 et
1597 2484 1646 2520 ad
1685 2493 1771 2520 eum

991 2544 1066 2568 non
1091 2535 1285 2579 spectante
1321 2532 1462 2568 Pilatus
1494 2542 1628 2578 parum
1652 2541 1770 2566 cura-

990 2580 1067 2622 bat„
1107 2579 1194 2625 quia
1220 2578 1324 2615 enim
1345 2582 1426 2615 erat
1449 2580 1579 2614 homo>
1599 2577 1770 2622 Gentilis,

990 2637 1066 2662 non
1089 2627 1245 2662 curabat
1263 2627 1309 2662 de
1328 2625 1594 2662 observatione
1613 2636 1677 2660 seu
1695 2624 1771 2660 vio-

990 2673 1130 2709 latione
1155 2673 1331 2709 mosaicae
1353 2675 1483 2719 Legis;
1504 2677 1541 2708 et
1566 2672 1771 2708 secundam

989 2724 1183 2766 tamqnam
1205 2720 1339 2756 falsam
1367 2726 1404 2756 et
1431 2719 1653 2756 mendosam
1675 2729 1770 2765 par-

990 2767 1199 2813 vipendens
1240 2768 1383 2804 nullam
1418 2767 1640 2814 reputabat,
1681 2766 1768 2813 quia
