1924 3157
207 178 267 213 334

460 248 567 283 Fer-ia
585 249 733 292 quarta.

212 313 340 350 Passio
363 312 571 348 secundum
589 313 737 354 Lucam,
756 326 797 349 22
813 314 852 349 et
869 316 924 351 25.
947 314 988 350 P.

254 360 304 402 ΙΙ,
328 371 360 397 c.
381 362 425 406 59
445 365 481 395 et
493 370 595 405 seqq.

459 425 567 460 Feria
592 425 737 470 quinta.

206 485 302 520 Ante
323 483 424 520 diem
444 484 582 520 festum
607 485 758 521 Paschae
785 485 906 522 sciens
924 487 989 524 Je-

255 542 334 577 sus,
356 535 427 568 ete.
449 533 554 568 Joan.
581 535 636 568 15.
662 534 699 569 P.
720 532 771 578 ΙΙ,
793 543 824 569 c.
846 536 903 577 54.

333 595 442 633 Feria
463 599 570 633 secvta
588 599 628 633 in
647 598 858 634 Parasceve.

207 655 336 693 Passio
359 655 568 692 secundum
586 658 774 701 Ιοαηηεηι,
803 660 844 694 ι8
866 661 904 696 et
932 673 986 706 19.

254 704 295 740 P.
313 702 365 749 Π,
388 714 421 739 c,
444 707 489 751 59
512 707 545 739 et
563 714 667 750 seqq.

402 770 445 805 In
469 770 611 814 Viqilia
626 770 788 805 Paschae.

204 827 368 873 Vespere
394 830 519 864 autern
547 827 707 873 sabbati,
742 830 813 864 etc.
849 826 986 863 Matth.

251 877 309 911 28.
332 876 372 911 P.
395 874 447 920 Π,
469 885 500 910 c.
525 878 570 922 69
591 879 625 910 et
650 890 708 922 70.

363 939 406 974 1η
430 939 488 974 die
511 941 635 974 sancto
661 939 823 976 Paschae.

205 996 323 1034 Maria
356 997 603 1043 Magdalenae,
632 1000 671 1034 et
695 996 813 1034 Maria
840 996 986 1042 Jacohi‚

249 1048 320 1081 etc.
344 1046 458 1081 Marc.
485 1048 538 1080 16.
559 1045 601 1082 P.
624 1043 674 1091 ΙΙ,
699 1056 731 1081 c.
754 1060 812 1091 71.

436 1111 544 1146 Feultz
572 1110 745 1146 secunda.

202 1170 282 1206 Duo
303 1180 347 1206 ex
367 1169 560 1216 discipulis
577 1172 667 1207 Jesu
687 1170 791 1206 ibant
811 1170 890 1218 ipso
911 1169 985 1217 die,

252 1220 324 1255 etc.
348 1219 435 1254 Luc.
461 1221 518 1261 24.
544 1219 583 1254 P.
606 1217 656 1263 ΙΙ,
679 1229 711 1254 c.
733 1221 792 1264 76.

462 1291 570 1326 Feria
597 1291 721 1326 tertia.

203 1349 313 1385 Stetit
342 1350 451 1386 Jesus
477 1348 515 1384 in
547 1349 672 1385 medio
700 1348 985 1395 discipulorum,

249 1398 321 1434 etc.
339 1397 428 1433 Luc.
452 1400 510 1440 24.
534 1397 575 1432 P.
601 1395 650 1442 ΙΙ,
674 1407 706 1433 c.
730 1412 788 1443 77.

448 1470 556 1504 Feria
581 1471 731 1514 quarta.

200 1526 456 1564 manifestavit
486 1538 526 1563 se
546 1527 685 1564 iterum
707 1529 816 1564 Jesus
835 1528 882 1563 ad
903 1538 984 1564 ma·-

245 1586 302 1623 re,
321 1578 391 1612 etc.
413 1578 518 1612 Joan.
544 1589 600 1612 21.
623 1576 664 1612 P.
687 1574 736 1620 11,
761 1587 792 1612 c.
820 1590 879 1623 79.

448 1648 558 1682 Feria
579 1648 724 1692 quinta.

197 1706 315 1743 Maria
339 1706 463 1742 stabat
489 1706 537 1742 ad
565 1708 849 1742 monumentum
875 1705 980 1751 foris,

246 1757 318 1791 etc.
339 1755 445 1791 Joan.
468 1766 525 1791 20.
549 1754 590 1789 P.
612 1753 661 1796 II,
685 1764 715 1790 e.
739 1767 797 1800 72.

463 1826 571 1861 Feria
589 1828 709 1860 seaeta.

198 1884 380 1921 Undecim
412 1883 584 1929 discipuli
606 1883 784 1919 abierunt
813 1884 851 1920 in
877 1884 980 1921 Gali-

243 1931 367 1973 laeam,
391 1935 463 1967 etc.
480 1931 614 1966 Matth.
640 1933 697 1967 28.
725 1932 766 1967 P.
791 1930 841 1977 ΙΙ,
865 1943 897 1968 c.
921 1935 980 1969 80.

499 1994 674 2032 Sabbato.

195 2057 275 2093 Una
297 2054 445 2091 sabbati
467 2053 585 2090 Maria
612 2053 835 2101 Magdalena
861 2054 978 2098 venit,

241 2105 311 2140 etc.
332 2105 437 2139 Joan.
462 2116 519 2138 20.
541 2104 581 2138 P.
601 2101 653 2147 Π,
671 2112 702 2137 C.
724 2117 782 2149 71.

392 2168 434 2203 In
455 2167 591 2203 Octava
612 2167 771 2202 Paschae.

191 2229 282 2266 Cum
303 2231 402 2265 esset
423 2238 523 2272 sero,
547 2227 607 2264 die
637 2226 714 2267 illa,
738 2237 814 2263 una
837 2227 976 2264 sabba-

235 2280 374 2318 torum,
397 2280 468 2312 etc.
487 2277 593 2311 Joan.
619 2288 676 2312 20.
701 2276 742 2310 P.
768 2274 819 2320 ΙΙ,
844 2285 877 2311 c.
898 2277 957 2321 78.

328 2343 519 2378 Dominica
536 2343 571 2377 Π
577 2344 662 2388 post
676 2342 829 2377 Pascha.

188 2402 264 2485 Egss
284 2411 367 2485 siim
387 2405 516 2485 pggtor
534 2401 671 2448 bonus,
690 2404 758 2438 etc.
782 2402 887 2437 Joan.
917 2416 973 2438 10.

268 2475 277 2485 .
322 2477 331 2495 ,
353 2459 384 2486 c.
455 2476 463 2485 .

435 2515 625 2550 Dominica
643 2515 712 2550 ΙΙΙ.

190 2571 374 2609 Modicum
406 2575 442 2608 et
472 2573 551 2619 jam
575 2583 652 2608 non
685 2571 864 2610 videbitis
897 2582 972 2615 me,

236 2624 308 2658 etc.
328 2621 435 2657 Joan.
459 2623 513 2657 16.
536 2621 576 2656 P.
599 2619 650 2667 ΙΙ,
667 2631 699 2656 c.
723 2622 782 2667 57.

430 2691 622 2726 Dominica
647 2690 712 2727 IV.

184 2754 292 2793 Vado
310 2755 357 2792 ad
371 2764 470 2801 eum,
487 2753 551 2801 qui
561 2764 622 2792 me
637 2755 754 2801 misit,
773 2756 845 2793 ete.
864 2755 968 2791 Joan.

233 2806 287 2839 16.
310 2804 349 2839 P.
372 2802 422 2848 II,
441 2813 474 2839 e.
498 2805 557 2848 57.

592 177 729 210 INDEX
767 173 1117 210 EVANGELIORUM
1155 170 1465 207 DOMINICARUM

1327 242 1519 277 Dominica
1539 243 1584 279 V.

1063 307 1197 352 Amen,
1228 315 1353 347 amen,
1387 303 1469 340 dico
1502 303 1608 340 vobis
1638 315 1647 340 ι
1677 304 1713 341 Si
1741 304 1846 350 quid,

1113 358 1185 392 etc.
1206 355 1311 389 Joan.
1338 355 1392 388 16.
1417 353 1456 387 P.
1476 350 1525 395 II,
1549 362 1580 388 c.
1599 354 1656 398 57.

1231 426 1273 461 In
1298 424 1442 460 litaniis
1462 421 1680 467 majoribus.

1063 489 1155 534 Quis
1183 491 1353 525 vestrum
1383 486 1540 524 habebit
1568 485 1744 530 amicum,
1773 490 1844 524 etc.

1110 539 1197 573 Luc.
1218 540 1253 572 6.
1274 538 1315 573 P.
1337 535 1368 579 Ι,
1391 548 1423 572 c.
1442 538 1501 583 59.

1208 610 1252 644 In
1278 607 1423 652 Viqilz'a
1447 606 1698 642 Ascensionis.

1064 678 1274 716 Sublevatis
1311 678 1422 714 Jesus
1455 675 1571 712 oeulis
1607 675 1648 712 in
1681 675 1845 721 coeIum,

1110 725 1215 771 dixit,
1238 727 1308 761 etc.
1327 726 1433 760 Joan.
1460 739 1515 770 17.
1539 725 1578 761 P.
1598 722 1648 770 ΙΙ,
1669 733 1701 761 e.
1715 726 1774 770 57.

1265 798 1308 832 In
1322 795 1381 831 die
1395 795 1640 831 Ascensionis.

1062 860 1381 897 Recumbentibus
1418 858 1594 896 undecim
1627 857 1819 905 discipulis
1838 886 1847 900 ,

1110 908 1296 956 apparuit,
1314 911 1386 944 etc.
1405 909 1519 943 Marc.
1538 909 1592 943 16.
1614 905 1720 953 P.11‚
1738 915 1771 942 c.
1787 907 1846 942 82.

1199 980 1390 1016 Dominica
1410 979 1515 1022 infra
1535 978 1710 1014 Octavam

1021 1041 1023 1080 4
1323 1027 1575 1062 Ascensionis.

1021 1081 1024 1125 l
1064 1091 1156 1127 Cum
1187 1089 1335 1126 venerit
1363 1088 1595 1134 Paracletus,
1623 1097 1735 1135 quem
1761 1098 1844 1136 ego,

1021 1129 1023 1141 ¹
1111 1141 1181 1175 etc.
1204 1140 1309 1174 Joan.
1338 1140 1391 1173 15.
1413 1138 1454 1174 P.
1477 1136 1571 1182 ILc.
1595 1139 1654 1184 57.

1228 1218 1271 1252 1η
1285 1217 1428 1261 Viinia
1440 1217 1676 1252 pentecostes.

1062 1283 1099 1319 Si
1132 1281 1288 1329 diligitis
1323 1292 1395 1324 me,
1426 1282 1605 1317 mandata
1639 1290 1738 1326 mea,
1772 1282 1843 1318 etc.

1107 1331 1212 1366 Joan.
1242 1332 1296 1373 ι4.
1319 1330 1360 1365 P.
1380 1328 1432 1373 ΙΙ,
1456 1340 1487 1365 c.
1510 1332 1569 1376 57.

1264 1396 1305 1430 In
1327 1395 1386 1429 die
1405 1396 1641 1432 pentecostes.

1060 1458 1098 1496 Si
1119 1459 1203 1505 quis
1229 1458 1353 1505 diligit
1372 1469 1445 1502 me,
1468 1467 1683 1495 sermonem
1716 1468 1843 1495 meum

1106 1506 1286 1552 servabit,
1301 1512 1372 1543 etc.
1395 1509 1500 1543 Joan.
1525 1510 1580 1551 ι4.
1602 1504 1706 1550 P.II,
1727 1517 1759 1544 c.
1783 1509 1842 1553 57.

1292 1579 1401 1613 Feria
1428 1577 1598 1612 secunda.

1056 1640 1155 1678 Dixit
1173 1644 1280 1679 Jesus
1297 1643 1500 1680 Nicodemo
1524 1655 1532 1680 ε
1556 1643 1616 1679 Sic
1635 1643 1733 1679 Deus
1752 1641 1846 1678 dile·

1102 1690 1155 1726 xit
1168 1691 1439 1737 mundum,ete.
1455 1693 1561 1727 Joan.
1577 1693 1611 1727 5.
1628 1691 1670 1726 P.
1687 1689 1717 1737 Ι,
1733 1700 1766 1726 c.
1784 1703 1841 1737 27.

1322 1757 1429 1792 Feria
1449 1757 1570 1792 tertia.

1055 1821 1189 1867 Amen,
1212 1832 1336 1865 amen,
1356 1822 1438 1858 dico
1460 1821 1580 1865 vobis,
1603 1822 1666 1868 qui
1688 1832 1765 1858 non
1785 1820 1842 1858 in-

1103 1873 1266 1953 tragssper
1284 1869 1435 1913 ostium,
1454 1874 1524 1908 etc.
1542 1871 1647 1907 Joan.
1674 1884 1727 1906 10.
1752 1869 1833 1914 P.I‚

1103 1928 1134 1953 c.
1209 1945 1217 1953 .

1102 1988 1208 2023 Feria
1235 1990 1369 2033 quarta
1393 1987 1556 2030 Quatuor
1581 1988 1793 2034 Temporum

1327 2036 1562 2072 Pentecostes.

1054 2100 1170 2136 Nemo
1199 2103 1322 2146 potest
1348 2101 1477 2137 venire
1498 2100 1546 2136 ad
1572 2110 1646 2146 me,
1668 2100 1741 2137 nisi
1771 2101 1838 2137 Pa-

1100 2152 1170 2190 ter,
1193 2151 1264 2185 etc.
1285 2149 1390 2185 Joan.
1414 2151 1448 2184 6.
1471 2150 1511 2184 P.
1525 2147 1556 2190 Ι,
1579 2158 1611 2184 c.
1632 2162 1690 2195 70.

1304 2221 1412 2255 Feria
1433 2219 1579 2264 quinta.

1052 2289 1273 2326 Convocatis
1306 2291 1416 2326 Jesus
1449 2287 1648 2325 duodecim
1676 2288 1836 2335 Aposto-

1098 2337 1158 2384 lis,
1179 2342 1248 2373 etc.
1275 2339 1361 2374 Luc.
1386 2352 1419 2385 9.
1446 2337 1486 2372 P.
1506 2348 1531 2382 1,
1554 2347 1586 2373 c.
1610 2338 1668 2374 51.

1313 2409 1421 2444 Fer-ia
1442 2410 1560 2444 seoeta.

1049 2476 1200 2512 Factum
1233 2476 1287 2509 est
1312 2472 1351 2509 in
1378 2484 1457 2510 una
1480 2474 1640 2518 dierum,
1661 2477 1699 2510 et
1725 2474 1833 2510 Jesus

1095 2521 1251 2558 sedebat
1271 2521 1421 2566 docens,
1436 2523 1507 2559 etc.
1525 2522 1613 2558 Luc.
1628 2524 1663 2559 5.
1687 2521 1728 2558 Ρ.
1750 2519 1782 2567 1,
1797 2530 1829 2557 e.

1095 2573 1155 2613 42.

1348 2639 1523 2676 Sabbata.

1048 2705 1213 2751 Surgens
1233 2705 1344 2741 Jesus
1371 2704 1417 2741 de
1439 2713 1632 2751 synagoga
1660 2700 1831 2738 introivit

1093 2752 1133 2836 iIn
1150 2752 1307 2843 ἒοιήιξυω
1327 2751 1507 2796 Simonis,
1526 2755 1599 2789 etc.
1618 2751 1705 2788 Luc.
1727 2753 1763 2793 4.
1786 2750 1827 2787 Ρ.

1118 2828 1127 2847 ,
1175 2828 1180 2836 .
1256 2826 1264 2835 .
