1924 3157
210 171 249 203 76
663 172 870 206 ΞΕΕΓΧυῈ
910 175 1068 210 l'ARTIS
1105 171 1241 206 CtPt’T
1283 169 1376 202 Lxu

217 250 287 277 nos
307 250 504 277 caveamus
518 252 564 277 ne
577 242 762 278 Christum
785 244 878 280 salso
893 245 983 281 ado-

218 297 358 330 remus,
377 290 431 323 vel
462 288 677 325 salutvnius.
699 291 864 336 Mystire,
892 293 984 328 salso

219 333 406 370 Christum
430 335 591 371 adorant
610 340 646 372 et
665 337 842 383 salutant,
863 339 923 384 qui
948 342 982 374 in

218 391 302 417 eum
327 381 497 425 «redunt,
526 383 591 418 sed
627 385 811 428 perversis
842 386 986 422 actibus

216 427 452 472 despiciunt;
473 439 536 464 ore
554 440 639 466 eum
657 431 899 475 confitentur,
920 433 985 468 sed

216 474 324 510 factis
354 479 510 520 negant.
546 477 651 521 Item,
685 479 777 515 tatso
811 480 982 523 adorant,

216 521 273 556 vel
302 521 479 566 salutant,
501 525 561 569 qui
584 523 683 560 inter
707 526 890 562 orandum
917 526 983 562 uli-

215 567 305 613 quid
324 570 422 613 quod
442 572 498 604 est
524 575 654 606 contra
680 572 847 608 divinum
871 574 983 609 hono-

215 625 295 650 rem
317 619 443 652 mente
466 621 712 663 pertractant.
746 621 852 659 Item,
889 620 982 655 falso

215 663 376 697 adorant
397 666 433 698 et
457 664 635 709 salutant,
663 666 725 711 qui
757 666 795 702 in
816 666 983 703 ecclesiis

215 710 319 753 signa
339 709 550 747 devotionis
572 712 786 756 ostendunt,
801 717 837 749 et
856 718 984 759 postea

214 755 373 801 inJ'urias
395 757 542 793 Christo
571 769 706 805 graves
735 760 772 795 in
805 762 983 795 membris

215 805 291 838 suis
306 803 456 839 iaciunt.
475 807 564 841 ltem
583 806 756 851 denique,
774 807 867 842 salso
882 807 983 843 Citri-

213 855 309 886 stunt
326 852 482 886 adorant
501 858 537 887 et
552 853 714 888 salutant
733 864 862 889 omnes
878 865 982 899 psen-

215 897 262 932 do
276 897 480 933 christiam.
494 901 589 937 Jesu.
603 903 668 943 qui
679 902 842 935 irrisorie
855 902 984 936 adora-

215 946 251 979 ri
263 948 295 979 et
311 946 470 980 salutari
484 947 645 986 coluisti,
661 947 708 981 du
723 948 813 982 mihi
827 951 859 982 te
873 950 981 983 Deum

214 1002 330 1026 mcum
360 1003 481 1027 verum
506 994 661 1028 udornre
699 996 737 1029 in
775 996 913 1039 spiritu
951 1000 984 1031 et

215 1041 381 1081 veritate,
404 1044 436 1074 et
472 1044 504 1074 te
539 1042 655 1076 solum
699 1052 819 1076 rerum
853 1044 982 1086 Regem

215 1087 474 1121 venerabiliter
492 1087 671 1123 salutm-e.

268 1135 308 1168 18
344 1133 518 1169 CHRISTUS
552 1146 670 1171 nexro
703 1147 921 1172 ALAPleTUR
940 1149 981 1172 ET

218 1190 451 1216 CONSPUJTUR.
474 1202 520 1208 —
540 1184 602 1226 Et,
624 1186 663 1218 ut
696 1182 897 1219 illuderent
923 1184 979 1219 sa·

215 1226 299 1269 ctis,
319 1228 415 1263 sicut
435 1227 627 1264 illuserant
650 1229 766 1275 signis
785 1234 820 1266 et
840 1230 979 1275 verbis,

218 1273 356 1309 dabunt
380 1277 412 1309 ei
439 1277 584 1320 alapas,
613 1276 650 1311 in
671 1281 915 1320 augmentum
937 1277 981 1313 il-

217 1319 386 1365 lusionis,
415 1324 451 1356 et
484 1323 554 1358 hoc
574 1323 674 1367 ideo,
702 1328 742 1360 ut
769 1323 850 1370 ipso
869 1335 981 1370 opere

217 1368 463 1403 ostenderent
484 1368 693 1405 illusorium
723 1381 804 1407 esse
825 1372 923 1416 quod
948 1371 980 1407 ei

217 1416 330 1449 talem
360 1415 543 1451 honorem
570 1416 810 1453 exhibebant.
845 1420 884 1454 In
911 1419 981 1454 hoc

217 1461 318 1497 enim
341 1461 553 1498 illusionem
583 1474 688 1499 suam
714 1465 833 1510 magis
855 1468 981 1511 ‹lespe-

216 1508 350 1544 ctivam
371 1511 552 1553 fecerunt,
575 1512 675 1556 quod
704 1512 802 1547 velut
820 1514 981 1548 adoran-

216 1559 270 1590 tes
290 1557 420 1593 Deum.
443 1561 481 1592 et
498 1562 704 1594 salutantes
732 1570 873 1604 regem,
896 1570 981 1595 eum

214 1602 506 1648 alapizaverunt.
528 1606 569 1640 Et
587 1605 711 1641 ‹titsert
732 1605 803 1642 ista
826 1607 982 1653 alapiza-

217 1649 270 1685 tio
292 1651 338 1686 ab
359 1649 436 1693 illa,
460 1661 542 1697 quae
568 1652 604 1687 in
636 1654 746 1688 domo
770 1656 887 1689 Annae
914 1653 983 1689 fuit

217 1697 314 1732 facta
337 1712 343 1731 ε
371 1697 458 1743 quia
493 1698 544 1733 ibi
583 1710 657 1734 una
694 1700 803 1746 alapa
823 1702 869 1736 ab
908 1712 981 1736 uno

217 1743 490 1788 ministrorum,
513 1745 572 1781 hie
594 1750 719 1782 autem
751 1751 876 1793 plures
908 1748 981 1783 ala-

213 1801 271 1836 pae
291 1801 313 1826 a
333 1791 489 1826 diversis
509 1792 713 1838 dabantur;
740 1799 775 1829 et
793 1794 855 1830 illa
871 1795 981 1831 daba-

217 1843 278 1873 tur
298 1848 411 1875 causa
433 1839 691 1882 ultionis‚istae
713 1852 825 1877 causa
846 1841 984 1877 illusio-

216 1884 285 1922 nis.
311 1905 358 1912 —·
376 1887 607 1923 Documenta
630 1893 755 1924 autem
782 1888 833 1924 ibi
861 1888 983 1934 posita

218 1939 377 1977 possunt
406 1933 467 1968 hic
494 1934 627 1980 accipi.
657 1937 754 1979 Jesu,
777 1938 842 1981 qui
861 1938 984 1981 alapis

217 1980 307 2014 caedz'
324 1981 488 2024 voluisti,
508 1982 570 2024 fac
600 1993 654 2017 me
675 1994 732 2018 ore
764 1987 797 2018 et
819 1985 894 2018 vita
915 1984 985 2018 tibi

213 2036 354 2071 semper
388 2029 579 2072 plaudere,
617 2033 651 2064 et
682 2032 836 2065 aliorum
859 2042 981 2076 opera,

216 2074 299 2108 licet
316 2076 415 2109 mala
435 2077 523 2118 sint,
545 2078 639 2111 mihi
652 2079 690 2112 in
715 2078 843 2112 bonum
865 2088 984 2123 coope-

216 2123 300 2155 rari
321 2122 483 2159 concede.
505 2123 617 2158 Addit
640 2125 786 2160 Marcus
809 2135 816 2159 ι
838 2126 885 2160 Et
905 2136 983 2160 con-

214 2168 394 2213 spuebant
412 2180 575 2207 eumseu
594 2170 629 2205 in
652 2170 782 2206 sacient
805 2172 898 2217 ejus,
920 2171 985 2207 sic-

167 2243 170 2245 .
220 2218 259 2249 ut
280 2225 455 2261 personae
482 2216 572 2252 viles
605 2221 642 2253 et
670 2218 983 2264 contemptibiles.

219 2261 246 2296 O
266 2272 376 2306 quam
399 2263 479 2298 vitis
501 2268 603 2299 actus
624 2264 785 2300 militum
805 2268 811 2301 !
845 2267 893 2301 Ex
917 2267 985 2301 boc

217 2313 388 2354 apparet,
414 2311 514 2356 quod
541 2310 603 2346 isti
630 2312 807 2348 dicuntur
833 2312 984 2356 militeS,

219 2366 290 2390 non
315 2358 519 2393 secundum
543 2369 682 2394 nomen
708 2358 853 2395 militiae
888 2370 987 2406 prae-

216 2402 335 2437 sentis
360 2406 554 2450 temporis,
575 2416 649 2450 quo
665 2406 838 2451 generosi
861 2411 897 2442 et
917 2417 985 2442 no-

212 2449 321 2492 biles,
344 2450 406 2495 qui
427 2451 572 2496 equites
594 2453 834 2489 nominantur
846 2454 891 2489 de
913 2454 987 2489 tal-

213 2496 361 2532 caribus
381 2497 571 2534 deauratis
591 2511 598 2534 :
619 2500 713 2536 tales
728 2500 827 2536 enim
845 2500 989 2536 nobiles

212 2553 383 2589 personae
400 2555 474 2580 non
491 2544 706 2590 illuderent,
728 2559 802 2583 non
822 2558 988 2591 conspu-

215 2594 346 2633 erent,
374 2602 441 2626 nec
470 2594 749 2639 crucifigerent.
772 2605 840 2630 nee
868 2599 990 2630 vestes

210 2637 377 2673 crucifixi
400 2640 469 2673 sibi
487 2639 713 2683 dividerent,
731 2642 831 2686 quod
848 2643 892 2677 ad
911 2652 988 2677 car-

207 2683 341 2720 nifices
362 2688 486 2731 potius
507 2690 693 2732 pertin‹·t;
717 2689 781 2723 sed
814 2688 988 2724 dicuntur

205 2730 360 2776 milites,
380 2734 591 2769 secundum
615 2735 810 2780 antiquam
833 2746 988 2771 consue-

205 2777 390 2823 tudinem,
428 2779 670 2826 stipendiarii
707 2786 744 2816 et
780 2781 987 2818 servientes

1055 242 1216 291 pedites,
1238 239 1332 275 sicut
1346 242 1450 285 patet
1466 240 1504 276 in
1519 241 1633 286 gestis
1645 242 1730 280 Julii
1751 243 1830 280 Cae-

1058 290 1164 333 saris,
1189 287 1253 324 ubi
1269 286 1407 322 milites
1421 288 1467 323 ab
1483 288 1674 333 equitibus
1693 289 1829 327 distin-

1057 340 1234 384 guuntur.
1261 338 1297 370 et
1319 333 1355 369 in
1377 333 1530 370 Actibus
1550 337 1831 382 Apostolorum,

1058 383 1121 421 ubi
1144 382 1294 424 dicitur,
1313 381 1411 427 quod
1434 382 1572 418 Paulus
1597 394 1679 419 cum
1708 383 1833 420 militi-

1058 432 1125 467 bus
1140 431 1324 471 ducentis,
1343 432 1379 464 et
1394 427 1579 473 equitibus
1595 430 1832 477 septuaginta

1058 478 1104 514 de
1123 476 1332 513 Jerusalem
1360 475 1494 510 missus
1520 479 1576 512 est
1608 477 1830 514 Caesaream.

1059 527 1154 571 Ergo
1177 522 1316 559 milites
1332 521 1371 556 in
1392 522 1463 557 hoc
1483 522 1565 558 loco
1590 521 1832 570 intelligimus

1058 572 1151 607 viles
1173 568 1439 616 stipendiarios
1471 570 1679 614 carnifices,
1701 571 1832 617 quales

1059 619 1200 655 nullam
1229 617 1521 663 perhorrescunt
1557 617 1828 661 insolentiam3

1059 665 1121 711 qui
1143 665 1231 701 dicti
1252 667 1337 699 sunt
1358 662 1507 706 milites,
1536 674 1613 700 non
1634 676 1654 700 a
1689 664 1831 701 nobili-

1057 716 1148 755 tate,
1168 713 1232 748 sed
1247 722 1268 747 a
1284 710 1517 754 fortitudine,
1533 714 1639 746 erant
1651 711 1754 748 enim
1769 722 1831 748 ro-

1058 759 1157 796 busti
1180 768 1350 804 corpore,
1374 762 1422 801 et,
1447 762 1486 794 ut
1509 758 1598 794 dicit
1618 759 1832 801 chrysosto-

1057 818 1150 850 muS,
1181 807 1227 842 ad
1265 816 1376 840 omne
1409 806 1546 840 malum
1576 805 1752 851 expositi;
1786 806 1832 842 de

1059 853 1196 899 quibus
1217 851 1326 888 etiam
1351 852 1441 887 dicit
1473 853 1704 898 Theophilus,
1734 853 1833 899 quod

1059 901 1094 935 111
1108 900 1187 935 istis
1201 899 1439 935 illusionibus
1456 899 1627 935 militaris
1644 910 1741 935 vana
1757 900 1833 946 glo-

1058 947 1113 982 ria
1140 957 1289 992 semper
1310 945 1535 981 inordinatis
1561 947 1731 992 gaudens
1764 957 1833 994 op-

1057 994 1220 1040 probriis
1247 993 1316 1029 sibi
1344 993 1496 1039 propria
1528 994 1760 1030 ostendebat.
1789 1014 1834 1021 —

1059 1043 1288 1077 Documenta
1304 1039 1364 1075 1110
1379 1043 1536 1086 possunt
1552 1040 1647 1076 sumi
1663 1043 1757 1076 sicut
1772 1052 1833 1078 su-

1057 1099 1126 1134 pra
1146 1093 1191 1124 tle
1216 1090 1463 1137 consputione
1483 1087 1522 1122 111
1545 1088 1657 1123 domo
1682 1088 1833 1134 Caiphae

1057 1136 1168 1171 tacta.
1192 1136 1219 1172 Ο
1239 1137 1335 1178 Jesu,
1365 1137 1429 1180 qui
1455 1136 1493 1170 in
1517 1135 1834 1171 deliciosissimum

1055 1185 1188 1226 faciem
1203 1187 1303 1218 tuam
1319 1183 1471 1229 conspui
1491 1183 1653 1225 voluisti,
1673 1183 1722 1217 da
1741 1183 1836 1218 mihi
1878 1213 1885 1229 Ἰ,

1055 1232 1188 1274 faciem
1217 1234 1317 1265 tuam
1338 1227 1561 1264 {aeramenti
1592 1230 1835 1265 Eucharistiae

1056 1279 1260 1323 sumptione
1285 1277 1446 1322 indiyna
1480 1287 1551 1312 non
1585 1277 1763 1322 polluere,
1801 1280 1835 1313 et
1874 1294 1876 1297 ·

1056 1326 1312 1360 conscientiam
1331 1334 1446 1358 meum
1477 1324 1675 1359 immundis
1700 1326 1836 1368 cogita·
1857 1370 1865 1375 .

1058 1373 1220 1407 tionibus
1234 1382 1305 1406 non
1318 1371 1470 1413 foedure.

1111 1434 1150 1465 ¹9
1175 1420 1370 1453 Pencussm
1415 1429 1549 1453 CAmTis
1587 1419 1730 1455 Caium
1765 1430 1833 1455 01111

1059 1477 1254 1508 Anuxmxe,
1278 1476 1515 1501 DOCUMENTUM
1543 1475 1587 1500 Ex
1609 1477 1653 1501 EA
1680 1477 1722 1501 ET
1750 1477 1836 1502 ORA-

1059 1525 1128 1548 Tio.
1152 1533 1195 1538 —
1215 1515 1262 1548 Et
1288 1516 1500 1558 acceperunt
1539 1513 1754 1548 arundinem
1787 1513 1834 1550 de

1060 1570 1173 1596 manu
1204 1560 1298 1606 ejus,
1328 1563 1361 1595 et
1400 1560 1648 1605 percutiebant
1685 1570 1833 1597 sacrum

1059 1612 1168 1653 caput
1188 1608 1265 1651 eJ'us
1301 1619 1311 1642 .-
1344 1610 1381 1642 et
1403 1606 1546 1642 ratione
1568 1606 1709 1643 doloris
1741 1608 1833 1643 infli-

1059 1654 1187 1699 gendi,
1211 1658 1249 1690 ut
1268 1654 1387 1690 aculei
1411 1653 1604 1699 spinarum
1626 1654 1758 1690 t'ortius
1773 1654 1832 1691 in-

1059 1703 1267 1747 figerentur
1287 1701 1420 1747 capiti3
1443 1705 1480 1736 et
1498 1700 1645 1737 ratione
1667 1706 1832 1738 contem-

1058 1753 1157 1794 ptus,
1181 1748 1217 1783 in
1255 1747 1403 1793 signum
1434 1747 1632 1783 vacuitatis
1659 1752 1695 1784 et
1721 1749 1830 1785 nihil.

1059 1797 1140 1831 Non
1154 1794 1255 1831 enim
1272 1800 1416 1831 tantum
1437 1805 1550 1830 causa
1566 1795 1730 1831 laedendi
1746 1807 1832 1835 eum

1058 1853 1126 1889 per
1146 1846 1349 1888 puncturas
1370 1842 1563 1888 spinarum
1585 1847 1621 1878 et
1638 1853 1705 1888 per
1736 1845 1832 1879 ictus

1060 1890 1197 1932 baculi,
1226 1893 1407 1934 quantum
1439 1900 1551 1925 causa
1582 1890 1767 1926 llludendi
1796 1894 1833 1926 et

1060 1936 1263 1972 vilificandi
1291 1937 1362 1972 hoc
1399 1937 1581 1981 fecerunt,
1624 1948 1712 1973 nam
1738 1936 1832 1973 viles

1060 1995 1231 2031 personae
1253 1984 1395 2019 bacul=s
1415 1983 1510 2020 sicut
1537 1983 1666 2020 bestia:
1688 1985 1832 2031 percuti

1061 2037 1349 2067 consueverunt.
1368 2031 1478 2073 Quasi
1498 2041 1586 2078 ergo
1602 2031 1769 2067 dicerent
1785 2031 1832 2068 ad

1061 2089 1145 2115 eum
1170 2089 1177 2113 :
1201 2078 1228 2114 Ο
1249 2082 1284 2113 tu
1308 2079 1418 2114 homo
1441 2077 1536 2121 vilis,
1559 2078 1690 2124 utquid
1706 2084 1742 2114 te
1764 2080 1834 2115 Re-

1062 2136 1145 2171 gem
1166 2124 1284 2162 facis?
1299 2127 1337 2160 In
1355 2126 1425 2160 hoc
1448 2126 1561 2162 tiebat
1579 2125 1613 2161 ei
1635 2125 1728 2162 sicut
1742 2126 1830 2170 furi,

1063 2172 1125 2218 qui
1147 2172 1233 2208 sune
1254 2171 1364 2217 capiti
1385 2171 1666 2218 circumposito,
1683 2176 1833 2219 torque-

1061 2223 1136 2263 tur,
1161 2223 1200 2255 ut
1220 2224 1461 2264 recognoscat
1488 2220 1586 2255 mala
1607 2230 1692 2266 quae
1713 2220 1799 2256 fecit
1821 2232 1832 2266 ;

1063 2271 1098 2302 et
1137 2266 1232 2302 sicut
1264 2265 1363 2302 funis
1401 2266 1683 2313 constringitur,
1719 2270 1760 2303 ut
1797 2278 1835 2303 se

1063 2313 1224 2359 amplius
1240 2313 1440 2359 profundet
1460 2314 1516 2349 vel
1536 2313 1690 2360 gravius
1709 2318 1836 2361 torqu-

1064 2364 1138 2404 eat,
1162 2360 1214 2396 sie
1237 2363 1274 2396 et
1293 2361 1421 2396 Jesum
1442 2365 1663 2397 coronatum
1687 2361 1836 2397 arundi-

1063 2418 1110 2443 ne
1133 2407 1406 2453 percutiebant.
1432 2407 1695 2444 Percutiebaut
1720 2419 1834 2444 arun-

1064 2454 1152 2490 dine
1188 2459 1297 2500 caput
1336 2457 1563 2501 pavendum,
1602 2455 1835 2492 daemonibus

1063 2503 1315 2544 tremendum,
1342 2512 1385 2537 ac
1415 2502 1664 2538 reverendum
1683 2503 1834 2538 cunctis

1065 2549 1243 2584 coelorum
1279 2548 1495 2592 Virtutibus,
1518 2555 1554 2585 et
1579 2550 1834 2585 venerandum

1066 2595 1208 2632 Sanctis
1228 2595 1426 2639 omnibus;
1455 2599 1566 2642 eaput
1594 2596 1834 2632 benedictum

1064 2642 1102 2677 in
1137 2642 1275 2686 set-ula,
1302 2653 1325 2678 a
1359 2653 1431 2688 quo
1465 2643 1586 2679 omnis
1622 2643 1833 2679 benedictio

1064 2700 1138 2724 non
1162 2690 1282 2725 solum
1310 2689 1346 2725 in
1376 2691 1547 2733 barbam,
1568 2700 1697 2725 verum
1718 2692 1831 2726 etiam

1063 2735 1102 2771 in
1134 2747 1239 2772 oram
1268 2736 1482 2773 vestimenti
1517 2736 1631 2772 totius
1656 2736 1831 2774 Ecclesiae

1065 2787 1205 2819 manat.
1222 2784 1251 2820 O
1272 2783 1420 2820 miserit
1439 2785 1628 2831 quomodo
1646 2783 1752 2820 vobis
1769 2784 1833 2820 ad-
