1924 3157
503 137 554 170 DE
593 132 964 171 RESURRECTIONE
1004 133 1157 167 noxiis!
1198 132 1377 165 nostrai.
1703 129 1751 161 171

765 342 948 390 CAPUT
989 342 1122 387 LXlX

549 510 596 537 DE
633 506 958 537 RESURRECTIONE
995 505 1131 534 DOMINI
1164 505 1320 533 Nt'is‘rni.

718 637 883 673 Matthaei
909 645 990 682 cap.
1011 636 1168 672 xxviii.

173 782 183 803 i
218 767 370 803 LAETrriA
405 777 594 802 rAsanms
626 777 670 800 nr:
704 765 894 801 assumm-

121 824 247 851 crionn
263 815 409 850 Donum.
429 834 473 840 —
495 815 614 857 Nunc,
632 816 674 849 ut
694 812 746 848 ait
765 814 896 849 Hiero-

120 872 252 907 nymus
273 875 283 898 :
307 875 325 895 «
343 863 447 898 Nunc
467 860 703 898 aromatibus
724 860 898 897 redolen-

122 909 235 954 tibus,
252 919 338 946 cum
359 919 498 956 sponsa
527 912 564 945 et
584 908 894 954 adolescentulis,

122 967 206 1004 quae
243 961 398 993 currunt
427 960 513 1003 post
547 966 644 996 enm,
678 956 896 1001 conspergi-

121 1015 208 1040 mus
229 1004 366 1040 librum
389 1008 423 1039 ct
442 1003 655 1039 cubiculum
674 1003 812 1039 montis
834 1014 899 1039 no-

123 1056 225 1088 strae.
248 1053 353 1088 Nunc
376 1050 581 1087 introducit
597 1061 666 1086 nos
680 1051 755 1086 Rex
775 1051 897 1087 incel-

124 1098 221 1135 laria
248 1109 330 1143 sua,
353 1110 451 1135 nunc
467 1098 585 1144 surgit
605 1097 727 1134 amica
744 1099 863 1134 Maria
887 1109 895 1134 ε

121 1148 204 1183 Jam
216 1149 311 1190 enim
325 1147 438 1182 hiems
451 1147 613 1187 transiit,
630 1146 746 1180 imber
759 1146 852 1181 abiit
866 1149 899 1181 et

124 1195 285 1231 recessit.
305 1195 428 1230 Flores
458 1196 711 1240 apparuerunt
735 1194 774 1228 in
802 1197 900 1228 terra

122 1245 261 1278 nostra.
305 1244 385 1278 Vooe
420 1243 576 1277 turturis
608 1241 739 1276 audita
775 1245 827 1276 est
860 1243 899 1276 in

122 1292 220 1326 terra
233 1292 370 1325 nostra.
395 1291 519 1326 Vineae
537 1290 703 1334 florentes
722 1288 899 1324 dederunt

126 1337 283 1373 odorem.
304 1336 413 1373 Redit
433 1346 596 1383 sponsus
615 1337 662 1371 de
682 1336 817 1372 umbra
831 1336 900 1372 sub

126 1395 199 1431 qua
223 1384 364 1421 dormit
384 1383 421 1419 in
442 1383 613 1420 meridie.
631 1383 750 1419 Radix
770 1393 902 1420 amara

125 1431 246 1468 crucis
264 1430 431 1475 evanuit,
453 1432 523 1467 ssos
549 1431 634 1467 vitae
664 1441 749 1466 cum
776 1430 901 1467 t'ructi-

126 1480 198 1516 bus
230 1479 375 1526 erupit;
399 1484 436 1515 et
461 1480 524 1524 qui
553 1478 671 1524 jacuit
702 1480 739 1513 in
765 1482 899 1522 morte,

126 1529 289 1563 surrexit
310 1527 346 1562 in
369 1526 512 1572 gloria;
535 1526 590 1561 sol
618 1528 701 1572 post
725 1536 900 1562 occasum

126 1574 272 1620 oritur;
309 1574 446 1620 aquilae
485 1573 532 1610 ad
571 1584 708 1619 corpus
739 1584 898 1619 congre-

127 1625 276 1668 gantur.
296 1623 383 1658 Post
406 1622 564 1657 sabbata
581 1620 719 1665 tristia,
742 1621 828 1657 felix
848 1620 899 1656 ir-

126 1670 249 1705 radiat
268 1669 358 1713 aies,
374 1680 457 1715 quae
481 1668 682 1714 primatum
704 1668 743 1704 in
765 1668 900 1705 diebus

128 1721 243 1761 tenet,
264 1717 346 1753 luce
375 1717 495 1762 prima
509 1716 546 1751 in
562 1726 606 1752 ea
624 1715 850 1760 lucescente,
864 1719 900 1752 et

126 1764 287 1800 Domino
306 1764 345 1800 in
373 1774 418 1800 ea
441 1774 525 1800 cum
553 1763 743 1809 triumpho
771 1774 899 1799 resur-

126 1817 253 1859 gente,
281 1815 318 1848 et
344 1811 493 1847 dicente
526 1822 534 1846 ε
559 1813 642 1847 Haec
668 1812 760 1855 dies,
789 1822 899 1856 quam

126 1861 215 1904 fecit
239 1861 426 1901 Dominus,
450 1860 673 1894 exsultemus
692 1863 725 1894 et
739 1860 900 1894 Iaetemur

127 1909 166 1942 in
192 1918 234 1942 ea
256 1919 267 1942 .-
294 1920 314 1939 η
343 1908 423 1943 hoec
451 1908 704 1951 Hieronymus.
733 1907 838 1942 Unde
864 1909 900 1942 et

127 1956 359 1999 Auqustinus
378 1967 387 1989 :
403 1968 420 1987 «
442 1956 529 1990 l’ost
548 1953 744 1990 illusiones
764 1957 802 1990 et
820 1964 901 1990 ver-

129 2002 327 2049 bera,post
338 2001 434 2038 aceti
452 2005 489 2038 et
499 2001 596 2037 sellis
615 2001 752 2048 pocula
770 2000 899 2046 mixta,

128 2054 214 2096 post
243 2049 425 2096 supplicia
457 2049 580 2085 crucis
603 2052 640 2085 et
666 2049 836 2093 vulnera,
864 2053 902 2085 et

129 2101 320 2144 postremo
352 2100 436 2143 post
458 2096 579 2143 ipsam
601 2100 762 2132 mortem
784 2102 822 2133 et
842 2096 900 2132 in-

130 2146 244 2188 seros,
274 2143 436 2180 surrexit
469 2144 516 2180 de
555 2155 622 2180 suo
654 2144 784 2180 sunere
812 2155 901 2180 caro

129 2202 239 2237 nova,
259 2191 356 2228 redit
376 2192 423 2228 ab
438 2191 593 2228 occiduo
613 2191 734 2228 latens
752 2192 824 2228 vita
843 2195 904 2236 3et

131 2239 169 2276 in
201 2246 322 2275 morte
360 2239 462 2276 salus
507 2242 711 2284 reservata,
740 2239 903 2286 resurgit

130 2286 323 2334 pulchrior
342 2287 509 2323 reditura
524 2290 609 2333 post
626 2287 739 2322 sunus
757 2300 767 2322 .·
787 2303 802 2317 n
824 2288 904 2323 haec

130 2336 377 2379 Auyustinus.
409 2333 576 2371 Veniens
613 2336 739 2381 itaque
776 2345 904 2371 anima

131 2381 280 2418 Domini
299 2383 410 2418 Jcsus
433 2381 493 2418 die
513 2381 723 2426 Dominico‚
749 2385 786 2418 et
806 2392 904 2418 sum—

132 2439 192 2465 mo
214 2440 339 2472 mane,
359 2440 444 2465 cum
480 2429 695 2466 honorabili
725 2429 904 2466 multitu-

132 2476 222 2513 dine
247 2477 478 2524 Angelorum
518 2477 564 2513 ad
599 2477 904 2521 monumentum,

132 2527 169 2560 et
190 2523 419 2569 r··accipicns
444 2521 534 2560 illud
556 2535 691 2571 corpus
717 2524 905 2560 sanctissi-

132 2582 251 2616 mum,
280 2573 433 2618 proprisi
458 2571 592 2608 virtute
625 2571 840 2612 resurrexit,
870 2576 907 2608 et

130 2629 173 2656 ex
200 2619 281 2665 ipso
301 2623 549 2655 monumento
562 2619 688 2655 clauso
710 2619 903 2666 processit.

129 2667 246 2704 Nemo
265 2667 402 2713 qnippe
427 2670 503 2703 tam
529 2665 636 2702 l'acile
662 2666 848 2704 excitatur
871 2671 909 2702 ct

130 2714 250 2759 surgit
270 2725 292 2750 a
324 2724 472 2759 somno,
491 2724 604 2761 quam
631 2714 800 2751 Christus
822 2725 906 2751 sur-

131 2761 225 2798 rexit
245 2772 267 2798 a
281 2765 401 2798 morte
421 2766 457 2798 et
474 2762 690 2808 sepulchro,
703 2762 792 2808 quia
811 2761 906 2798 exci-

969 769 1069 802 tatus
1092 769 1149 801 est
1173 768 1368 810 tamquam
1390 763 1584 799 dormiens
1614 763 1744 798 Domi-

971 824 1053 857 nuS‚
1073 814 1137 860 qui
1160 812 1274 849 etiam
1296 811 1342 847 de
1364 821 1402 847 sc
1425 810 1542 846 dicit:
1560 812 1636 854 qu
1658 810 1743 845 dor-

970 863 1074 901 mivi,
1100 864 1132 896 et
1149 863 1342 906 soporatus
1359 869 1459 901 sum,·
1482 861 1515 893 et
1535 859 1744 897 exsurrexi,

973 910 1062 955 quia
1083 909 1256 944 Dominus
1282 908 1442 952 suscepit
1461 916 1529 942 me.
1559 906 1661 942 Sicut
1680 916 1749 940 au-

972 962 1048 992 tem
1086 954 1255 992 Christus
1285 954 1411 998 exivit,
1430 953 1557 989 clauso
1585 951 1750 998 Virginis

972 1007 1094 1048 utero,
1120 1004 1173 1039 sic
1193 1001 1315 1049 potuit
1344 1002 1470 1037 clauso
1504 999 1657 1047 prodire
1684 1010 1751 1035 se-

971 1052 1156 1097 pulchro;
1180 1051 1252 1086 hoc
1267 1053 1397 1085 tamen
1418 1047 1529 1084 aliter
1549 1048 1632 1089 fuit,
1660 1046 1749 1093 quia

973 1100 1010 1134 in
1035 1097 1328 1134 Resurrectione
1351 1095 1485 1132 habuit
1513 1105 1650 1141 corpus
1669 1094 1749 1140 glo-

973 1147 1130 1187 riosum,
1163 1147 1223 1181 cui
1256 1145 1358 1179 aliud
1387 1154 1463 1179 non
1499 1141 1656 1185 resistit,
1685 1141 1749 1177 sed

974 1194 1095 1229 exitus
1122 1192 1168 1228 de
1199 1195 1307 1228 utero
1343 1190 1513 1237 Virginis
1547 1189 1751 1225 miraculo-

973 1251 1036 1277 sus
1063 1239 1145 1276 suit.
1167 1241 1214 1275 Ut
1247 1244 1376 1275 autem
1408 1237 1461 1274 ait
1493 1238 1592 1274 Beda
1612 1249 1622 1272 :
1643 1251 1662 1269 «
1686 1237 1752 1272 Re·

975 1287 1136 1324 surrexit
1165 1286 1350 1323 Dominus
1384 1296 1496 1321 mane
1523 1285 1569 1321 de
1608 1295 1752 1320 monu-

975 1339 1118 1379 mento,
1147 1336 1182 1370 in
1216 1345 1290 1381 quo
1324 1344 1410 1370 sero
1433 1333 1514 1380 jam
1546 1333 1644 1368 tacto
1671 1335 1752 1367 erat

975 1382 1184 1430 depositus,
1197 1385 1238 1418 ut
1251 1381 1523 1427 adimpleretur
1544 1379 1635 1416 illud
1654 1378 1753 1415 Psal-

976 1430 1098 1467 mistae
1135 1442 1143 1465 :
1180 1430 1241 1465 Ad
1273 1439 1461 1474 vesperum
1503 1428 1755 1464 demorabitur

973 1481 1091 1524 fletus,
1111 1481 1145 1513 et
1163 1477 1213 1513 ad
1232 1478 1455 1512 matutinum
1470 1477 1612 1511 laetitia.
1636 1489 1654 1507 »

1025 1539 1043 1562 2
1065 1527 1196 1561 TERRAE
1223 1535 1353 1568 morus,
1381 1534 1613 1559 nesunennre
1643 1522 1752 1559 Cmu-

975 1584 1054 1617 sro,
1075 1584 1220 1609 merus.
1246 1592 1288 1598 -
1310 1574 1358 1607 Et
1385 1582 1461 1607 ecce
1494 1575 1599 1607 terrae
1619 1574 1751 1614 motus,

976 1620 1136 1657 Domino
1162 1623 1399 1666 resurgente,
1432 1620 1557 1662 factus
1591 1621 1643 1653 est
1678 1628 1752 1652 ma-

974 1679 1081 1713 gnus,
1104 1668 1211 1714 cujus
1232 1677 1347 1702 causa
1364 1666 1564 1702 subditur:
1585 1666 1749 1709 Anyelus

974 1718 1069 1751 enim
1089 1717 1236 1751 Domini
1252 1714 1440 1750 descendit
1454 1714 1498 1748 de
1508 1715 1606 1757 coelo,
1624 1717 1660 1748 et
1682 1712 1752 1747 vir-

974 1766 1054 1799 tute
1075 1765 1156 1809 eJus
1169 1763 1287 1798 l'actus
1303 1765 1359 1798 est
1380 1764 1643 1803 terraemotus,
1662 1759 1751 1806 quia

975 1809 1188 1857 corporalia
1221 1809 1407 1846 obediunt
1427 1808 1580 1855 Angelis
1607 1808 1655 1844 ad
1683 1818 1752 1843 nu-

973 1862 1070 1903 tum,
1098 1861 1281 1904 quantum
1315 1857 1363 1893 ad
1399 1860 1542 1892 motum
1579 1855 1753 1892 localem.

975 1907 1080 1942 Sicut
1102 1905 1141 1941 in
1159 1904 1340 1941 Passione
1362 1903 1501 1941 Christi
1527 1907 1632 1940 terra
1652 1906 1754 1938 mota

974 1956 1044 1998 est,
1070 1952 1109 1989 in
1135 1951 1284 1999 signum
1312 1951 1496 1996 tristitiae;
1530 1950 1584 1987 sic
1609 1950 1649 1986 in
1674 1951 1754 1986 Re-

975 2000 1212 2037 surrectione
1234 2001 1328 2047 ejus,
1353 2003 1457 2036 mota
1476 2003 1532 2035 est
1549 1998 1587 2034 in
1602 1998 1755 2045 signum

974 2049 1129 2085 laetitiae.
1156 2047 1223 2085 Ubi
1245 2048 1298 2084 ait
1321 2048 1419 2084 Beda
1442 2058 1450 2083 z
1475 2061 1494 2080 «
1516 2046 1623 2091 Quod
1641 2045 1756 2082 etiam

974 2100 1087 2133 terrae
1105 2101 1244 2139 motus,
1267 2098 1491 2143 resurgente
1520 2093 1680 2130 Domino
1707 2093 1754 2128 de

977 2144 1193 2190 sepulchro,
1216 2144 1312 2179 sicut
1333 2149 1371 2179 et
1401 2145 1482 2189 ipso
1503 2141 1690 2178 moriente
1713 2140 1750 2175 in

976 2202 1101 2237 cruce,
1133 2191 1252 2227 sactus
1279 2194 1336 2227 est
1362 2200 1535 2236 magnus,
1563 2187 1755 2235 significat

976 2244 1130 2275 terrena
1160 2239 1265 2285 prius
1293 2239 1408 2274 corda
1431 2248 1500 2284 per
1520 2237 1635 2273 fidem
1657 2236 1756 2271 Pas-

978 2286 1095 2323 sioniS
1110 2297 1152 2322 ac
1168 2285 1469 2322 Resurrectionis
1480 2285 1563 2330 ejus
1575 2285 1655 2320 l'ore
1670 2293 1757 2319 con-

978 2333 1157 2370 cutienda
1177 2334 1223 2369 ad
1241 2333 1518 2380 poenitentiam,
1534 2336 1569 2368 ct
1584 2331 1755 2368 saluber-

979 2381 1075 2418 rimo
1102 2391 1243 2428 pavore
1277 2387 1450 2427 permota
1476 2379 1523 2417 ad
1546 2379 1660 2415 vitam
1687 2389 1758 2414 su-

979 2429 1174 2465 blimanda
1207 2432 1444 2475 perpetuam.
1467 2441 1485 2460 »
1511 2427 1578 2463 Ubi
1600 2430 1637 2463 et
1650 2427 1757 2463 Seve-

979 2479 1133 2512 rianus.-
1156 2491 1169 2508 α
1187 2477 1222 2512 Si
1239 2480 1365 2512 autent
1390 2476 1442 2512 sic
1462 2479 1562 2511 terra
1584 2473 1756 2517 tremuit,

981 2535 1066 2560 cum
1091 2522 1271 2560 numitius
1291 2523 1338 2559 ad
1361 2524 1511 2559 veniam
1527 2532 1683 2558 >uorum
1706 2531 1760 2557 re-

982 2575 1169 2616 surgeret.
1187 2571 1380 2617 quomodo
1393 2569 1662 2607 contremiscet
1677 2578 1760 2605 cum

983 2619 1182 2655 noxiorum
1208 2619 1379 2654 omnium
1413 2621 1587 2664 resurget
1612 2618 1659 2653 ad
1683 2626 1759 2662 poe-

985 2677 1073 2703 nam
1089 2666 1107 2701 ⁸?
1130 2667 1174 2702 Et
1196 2666 1389 2713 quomodo
1412 2665 1562 2702 Domini
1590 2674 1764 2711 praesen-

984 2713 1078 2751 tiam
1098 2715 1316 2758 sustinebit,
1339 2724 1424 2760 quae
1445 2713 1577 2760 Angeli
1606 2721 1765 2758 praesen-

983 2761 1074 2798 tiam
1097 2761 1283 2798 sustinere
1311 2772 1386 2798 non
1414 2761 1566 2797 valuit?
1591 2773 1607 2792 n
1631 2760 1674 2794 Et
1696 2768 1763 2794 no-
