<?xml version="1.0" encoding="UTF-8"?>
<!DOCTYPE html PUBLIC "-//W3C//DTD XHTML 1.0 Transitional//EN"
    "http://www.w3.org/TR/xhtml1/DTD/xhtml1-transitional.dtd">
<html xmlns="http://www.w3.org/1999/xhtml" xml:lang="en" lang="en">
 <head>
  <title>
</title>
<meta http-equiv="Content-Type" content="text/html;charset=utf-8" />
  <meta name='ocr-system' content='tesseract 3.04.00' />
  <meta name='ocr-capabilities' content='ocr_page ocr_carea ocr_par ocr_line ocrx_word'/>
</head>
<body>
  <div class='ocr_page' id='page_1' title='image "./vitajesuchristie04ludouoft/vitajesuchristie04ludouoft_0117.png"; bbox 0 0 1924 3157; ppageno 0'>
   <div class='ocr_carea' id='block_1_1' title="bbox 538 107 789 144">
    <p class='ocr_par' dir='ltr' id='par_1_1' title="bbox 538 107 789 144">
     <span class='ocr_line' id='line_1_1' title="bbox 538 107 789 144; baseline 0.008 -3"><span class='ocrx_word' id='word_1_1' title='bbox 538 107 592 141; x_wconf 77' lang='lat' dir='ltr'>DE</span> <span class='ocrx_word' id='word_1_2' title='bbox 630 108 789 144; x_wconf 64' lang='lat' dir='ltr'>thm.</span> 
     </span>
    </p>
   </div>
   <div class='ocr_carea' id='block_1_2' title="bbox 128 176 911 884">
    <p class='ocr_par' dir='ltr' id='par_1_2' title="bbox 128 176 911 884">
     <span class='ocr_line' id='line_1_2' title="bbox 130 176 910 219; baseline -0.001 -7"><span class='ocrx_word' id='word_1_3' title='bbox 130 176 223 213; x_wconf 78' lang='lat' dir='ltr'>hat?</span> <span class='ocrx_word' id='word_1_4' title='bbox 239 179 327 213; x_wconf 88' lang='lat' dir='ltr'>Erat</span> <span class='ocrx_word' id='word_1_5' title='bbox 344 178 443 213; x_wconf 88' lang='lat' dir='ltr'>enim</span> <span class='ocrx_word' id='word_1_6' title='bbox 460 176 514 212; x_wconf 88' lang='lat' dir='ltr'>illi</span> <span class='ocrx_word' id='word_1_7' title='bbox 529 179 624 212; x_wconf 81' lang='lat' dir='ltr'>tixus</span> <span class='ocrx_word' id='word_1_8' title='bbox 639 176 678 212; x_wconf 87' lang='lat' dir='ltr'>in</span> <span class='ocrx_word' id='word_1_9' title='bbox 693 176 826 219; x_wconf 88' lang='lat' dir='ltr'>latere,</span> <span class='ocrx_word' id='word_1_10' title='bbox 843 176 910 211; x_wconf 88' lang='lat' dir='ltr'>sed</span> 
     </span>
     <span class='ocr_line' id='line_1_3' title="bbox 130 224 911 261; baseline -0.004 -1"><span class='ocrx_word' id='word_1_11' title='bbox 130 224 301 260; x_wconf 81' lang='lat' dir='ltr'>haerebat</span> <span class='ocrx_word' id='word_1_12' title='bbox 325 224 362 260; x_wconf 91' lang='lat' dir='ltr'>in</span> <span class='ocrx_word' id='word_1_13' title='bbox 385 224 513 261; x_wconf 76' lang='lat' dir='ltr'>corde.</span> <span class='ocrx_word' id='word_1_14' title='bbox 539 237 556 256; x_wconf 84' lang='grc'>»</span> <span class='ocrx_word' id='word_1_15' title='bbox 579 224 685 260; x_wconf 82' lang='lat' dir='ltr'>Unde</span> <span class='ocrx_word' id='word_1_16' title='bbox 707 233 911 260; x_wconf 76' lang='lat' dir='ltr'>conversus</span> 
     </span>
     <span class='ocr_line' id='line_1_4' title="bbox 130 271 910 318; baseline -0.003 -10"><span class='ocrx_word' id='word_1_17' title='bbox 130 272 274 308; x_wconf 75' lang='lat' dir='ltr'>dicebat</span> <span class='ocrx_word' id='word_1_18' title='bbox 293 273 343 307; x_wconf 72' lang='lat' dir='ltr'>ml</span> <span class='ocrx_word' id='word_1_19' title='bbox 371 274 512 315; x_wconf 80' lang='lat' dir='ltr'>Jeswn,</span> <span class='ocrx_word' id='word_1_20' title='bbox 536 271 600 318; x_wconf 86' lang='lat' dir='ltr'>qui</span> <span class='ocrx_word' id='word_1_21' title='bbox 624 271 726 307; x_wconf 89' lang='lat' dir='ltr'>novit</span> <span class='ocrx_word' id='word_1_22' title='bbox 744 281 910 317; x_wconf 86' lang='lat' dir='ltr'>praecor-</span> 
     </span>
     <span class='ocr_line' id='line_1_5' title="bbox 132 318 910 362; baseline -0.003 -7"><span class='ocrx_word' id='word_1_23' title='bbox 132 318 192 355; x_wconf 85' lang='lat' dir='ltr'>dia</span> <span class='ocrx_word' id='word_1_24' title='bbox 212 330 220 354; x_wconf 91' lang='lat'>:</span> <span class='ocrx_word' id='word_1_25' title='bbox 240 321 417 356; x_wconf 80' lang='lat' dir='ltr'><em>Memento</em></span> <span class='ocrx_word' id='word_1_26' title='bbox 446 321 529 360; x_wconf 80' lang='lat' dir='ltr'>mei,</span> <span class='ocrx_word' id='word_1_27' title='bbox 552 320 714 362; x_wconf 81' lang='lat' dir='ltr'>Domine,</span> <span class='ocrx_word' id='word_1_28' title='bbox 743 319 829 353; x_wconf 76' lang='lat' dir='ltr'>(lum</span> <span class='ocrx_word' id='word_1_29' title='bbox 854 328 910 353; x_wconf 77' lang='lat' dir='ltr'>ve-</span> 
     </span>
     <span class='ocr_line' id='line_1_6' title="bbox 128 366 910 412; baseline 0 -10"><span class='ocrx_word' id='word_1_30' title='bbox 128 368 228 402; x_wconf 73' lang='lat' dir='ltr'>neris</span> <span class='ocrx_word' id='word_1_31' title='bbox 250 369 287 402; x_wconf 85' lang='grc' dir='ltr'><strong><em>ιή</em></strong></span> <span class='ocrx_word' id='word_1_32' title='bbox 307 378 460 412; x_wconf 71' lang='lat' dir='ltr'>requam</span> <span class='ocrx_word' id='word_1_33' title='bbox 487 371 603 403; x_wconf 77' lang='lat' dir='ltr'>tuum.</span> <span class='ocrx_word' id='word_1_34' title='bbox 628 366 824 402; x_wconf 78' lang='lat' dir='ltr'>Manifeste</span> <span class='ocrx_word' id='word_1_35' title='bbox 846 376 910 412; x_wconf 85' lang='lat' dir='ltr'>pa-</span> 
     </span>
     <span class='ocr_line' id='line_1_7' title="bbox 133 413 910 460; baseline -0.001 -11"><span class='ocrx_word' id='word_1_36' title='bbox 133 418 198 458; x_wconf 85' lang='lat' dir='ltr'>tet,</span> <span class='ocrx_word' id='word_1_37' title='bbox 227 416 327 460; x_wconf 84' lang='lat' dir='ltr'>quod</span> <span class='ocrx_word' id='word_1_38' title='bbox 360 425 436 451; x_wconf 89' lang='lat' dir='ltr'>non</span> <span class='ocrx_word' id='word_1_39' title='bbox 468 415 694 460; x_wconf 81' lang='lat' dir='ltr'>loquebatur</span> <span class='ocrx_word' id='word_1_40' title='bbox 720 413 766 449; x_wconf 89' lang='lat' dir='ltr'>de</span> <span class='ocrx_word' id='word_1_41' title='bbox 794 423 910 460; x_wconf 82' lang='lat' dir='ltr'>regno</span> 
     </span>
     <span class='ocr_line' id='line_1_8' title="bbox 131 460 910 508; baseline -0.003 -10"><span class='ocrx_word' id='word_1_42' title='bbox 131 462 347 508; x_wconf 84' lang='lat' dir='ltr'>temporali,</span> <span class='ocrx_word' id='word_1_43' title='bbox 372 462 437 498; x_wconf 87' lang='lat' dir='ltr'>sed</span> <span class='ocrx_word' id='word_1_44' title='bbox 459 466 625 505; x_wconf 80' lang='lat' dir='ltr'>aeterno;</span> <span class='ocrx_word' id='word_1_45' title='bbox 653 472 729 496; x_wconf 86' lang='lat' dir='ltr'>non</span> <span class='ocrx_word' id='word_1_46' title='bbox 752 460 798 497; x_wconf 88' lang='lat' dir='ltr'>de</span> <span class='ocrx_word' id='word_1_47' title='bbox 817 470 910 506; x_wconf 83' lang='lat' dir='ltr'>prae-</span> 
     </span>
     <span class='ocr_line' id='line_1_9' title="bbox 129 507 910 554; baseline -0.001 -10"><span class='ocrx_word' id='word_1_48' title='bbox 129 511 240 552; x_wconf 84' lang='lat' dir='ltr'>senti,</span> <span class='ocrx_word' id='word_1_49' title='bbox 264 509 329 545; x_wconf 84' lang='lat' dir='ltr'>sed</span> <span class='ocrx_word' id='word_1_50' title='bbox 352 510 491 546; x_wconf 82' lang='lat' dir='ltr'>tuturo.</span> <span class='ocrx_word' id='word_1_51' title='bbox 518 511 651 554; x_wconf 82' lang='lat' dir='ltr'>Magna</span> <span class='ocrx_word' id='word_1_52' title='bbox 682 508 776 544; x_wconf 83' lang='lat' dir='ltr'>fides</span> <span class='ocrx_word' id='word_1_53' title='bbox 798 507 910 552; x_wconf 85' lang='lat' dir='ltr'>hujus</span> 
     </span>
     <span class='ocr_line' id='line_1_10' title="bbox 131 555 908 601; baseline 0 -9"><span class='ocrx_word' id='word_1_54' title='bbox 131 556 291 593; x_wconf 86' lang='lat' dir='ltr'>latronis</span> <span class='ocrx_word' id='word_1_55' title='bbox 316 558 384 593; x_wconf 83' lang='lat' dir='ltr'>l&#39;oit</span> <span class='ocrx_word' id='word_1_56' title='bbox 410 569 418 592; x_wconf 71' lang='grc' dir='ltr'>ε</span> <span class='ocrx_word' id='word_1_57' title='bbox 442 556 529 601; x_wconf 81' lang='lat' dir='ltr'>quia</span> <span class='ocrx_word' id='word_1_58' title='bbox 565 567 639 591; x_wconf 88' lang='lat' dir='ltr'>non</span> <span class='ocrx_word' id='word_1_59' title='bbox 673 555 809 591; x_wconf 87' lang='lat' dir='ltr'>timore</span> <span class='ocrx_word' id='word_1_60' title='bbox 840 557 908 592; x_wconf 85' lang='lat' dir='ltr'>Ju-</span> 
     </span>
     <span class='ocr_line' id='line_1_11' title="bbox 131 601 908 649; baseline -0.003 -9"><span class='ocrx_word' id='word_1_61' title='bbox 131 604 303 640; x_wconf 66' lang='lat' dir='ltr'>dteornm</span> <span class='ocrx_word' id='word_1_62' title='bbox 326 604 547 648; x_wconf 81' lang='lat' dir='ltr'>astantium,</span> <span class='ocrx_word' id='word_1_63' title='bbox 573 614 641 639; x_wconf 91' lang='lat' dir='ltr'>nec</span> <span class='ocrx_word' id='word_1_64' title='bbox 668 601 811 649; x_wconf 84' lang='lat' dir='ltr'>proprii</span> <span class='ocrx_word' id='word_1_65' title='bbox 846 603 908 638; x_wconf 87' lang='lat' dir='ltr'>‹lo-</span> 
     </span>
     <span class='ocr_line' id='line_1_12' title="bbox 131 650 909 696; baseline -0.004 -9"><span class='ocrx_word' id='word_1_66' title='bbox 131 651 223 687; x_wconf 88' lang='lat' dir='ltr'>loris</span> <span class='ocrx_word' id='word_1_67' title='bbox 235 652 456 695; x_wconf 83' lang='lat' dir='ltr'>acerbitate,</span> <span class='ocrx_word' id='word_1_68' title='bbox 470 662 537 687; x_wconf 82' lang='lat' dir='ltr'>nec</span> <span class='ocrx_word' id='word_1_69' title='bbox 556 650 647 686; x_wconf 90' lang='lat' dir='ltr'>socii</span> <span class='ocrx_word' id='word_1_70' title='bbox 664 651 718 686; x_wconf 88' lang='lat' dir='ltr'>sui</span> <span class='ocrx_word' id='word_1_71' title='bbox 738 650 909 696; x_wconf 85' lang='lat' dir='ltr'>blasphe-</span> 
     </span>
     <span class='ocr_line' id='line_1_13' title="bbox 133 697 910 744; baseline -0.001 -10"><span class='ocrx_word' id='word_1_72' title='bbox 133 698 314 741; x_wconf 77' lang='lat' dir='ltr'>matione,</span> <span class='ocrx_word' id='word_1_73' title='bbox 352 710 419 734; x_wconf 86' lang='lat' dir='ltr'>nec</span> <span class='ocrx_word' id='word_1_74' title='bbox 456 698 581 735; x_wconf 84' lang='lat' dir='ltr'>carnis</span> <span class='ocrx_word' id='word_1_75' title='bbox 621 697 757 734; x_wconf 83' lang='lat' dir='ltr'>Christi</span> <span class='ocrx_word' id='word_1_76' title='bbox 797 708 910 744; x_wconf 75' lang='lat' dir='ltr'>appa-</span> 
     </span>
     <span class='ocr_line' id='line_1_14' title="bbox 130 745 908 790; baseline -0.003 -8"><span class='ocrx_word' id='word_1_77' title='bbox 130 750 237 782; x_wconf 87' lang='lat' dir='ltr'>rente</span> <span class='ocrx_word' id='word_1_78' title='bbox 267 746 504 790; x_wconf 82' lang='lat' dir='ltr'>infirmitate,</span> <span class='ocrx_word' id='word_1_79' title='bbox 541 756 608 781; x_wconf 89' lang='lat' dir='ltr'>nec</span> <span class='ocrx_word' id='word_1_80' title='bbox 641 745 908 789; x_wconf 72' lang='lat' dir='ltr'>Apostolorum</span> 
     </span>
     <span class='ocr_line' id='line_1_15' title="bbox 128 792 907 840; baseline -0.004 -10"><span class='ocrx_word' id='word_1_81' title='bbox 128 794 218 839; x_wconf 79' lang='lat' dir='ltr'>fuga</span> <span class='ocrx_word' id='word_1_82' title='bbox 240 797 277 830; x_wconf 84' lang='lat' dir='ltr'>et</span> <span class='ocrx_word' id='word_1_83' title='bbox 305 793 518 840; x_wconf 81' lang='lat' dir='ltr'>negatione,</span> <span class='ocrx_word' id='word_1_84' title='bbox 541 792 749 828; x_wconf 71' lang='lat' dir='ltr'>retrahitur</span> <span class='ocrx_word' id='word_1_85' title='bbox 769 803 790 828; x_wconf 92' lang='lat' dir='ltr'>a</span> <span class='ocrx_word' id='word_1_86' title='bbox 810 792 907 828; x_wconf 79' lang='lat' dir='ltr'>veri-</span> 
     </span>
     <span class='ocr_line' id='line_1_16' title="bbox 128 840 907 884; baseline -0.003 -7"><span class='ocrx_word' id='word_1_87' title='bbox 128 841 218 877; x_wconf 85' lang='lat' dir='ltr'>tatis</span> <span class='ocrx_word' id='word_1_88' title='bbox 239 852 303 877; x_wconf 89' lang='lat' dir='ltr'>seu</span> <span class='ocrx_word' id='word_1_89' title='bbox 326 852 425 877; x_wconf 54' lang='lat' dir='ltr'>vcra!</span> <span class='ocrx_word' id='word_1_90' title='bbox 448 841 534 876; x_wconf 79' lang='lat' dir='ltr'>fidei</span> <span class='ocrx_word' id='word_1_91' title='bbox 552 840 812 884; x_wconf 72' lang='lat' dir='ltr'>consessione;</span> <span class='ocrx_word' id='word_1_92' title='bbox 835 851 907 876; x_wconf 91' lang='lat' dir='ltr'>un-</span> 
     </span>
    </p>
   </div>
   <div class='ocr_carea' id='block_1_3' title="bbox 126 887 943 983">
    <p class='ocr_par' dir='ltr' id='par_1_3' title="bbox 126 887 943 988">
     <span class='ocr_line' id='line_1_17' title="bbox 126 887 943 931; baseline -0.001 -6"><span class='ocrx_word' id='word_1_93' title='bbox 126 889 174 925; x_wconf 89' lang='lat' dir='ltr'>de</span> <span class='ocrx_word' id='word_1_94' title='bbox 205 888 274 925; x_wconf 81' lang='lat' dir='ltr'>suit</span> <span class='ocrx_word' id='word_1_95' title='bbox 302 888 336 925; x_wconf 88' lang='lat' dir='ltr'>ei</span> <span class='ocrx_word' id='word_1_96' title='bbox 373 888 547 925; x_wconf 80' lang='lat' dir='ltr'>remissio</span> <span class='ocrx_word' id='word_1_97' title='bbox 583 888 702 931; x_wconf 65' lang='lat' dir='ltr'>culpze</span> <span class='ocrx_word' id='word_1_98' title='bbox 730 893 767 923; x_wconf 88' lang='lat' dir='ltr'>et</span> <span class='ocrx_word' id='word_1_99' title='bbox 793 887 908 924; x_wconf 87' lang='lat' dir='ltr'>totius</span> <span class='ocrx_word' id='word_1_100' title='bbox 941 927 943 930; x_wconf 64' lang='grc'><em>,</em></span> 
     </span>
     <span class='ocr_line' id='line_1_18' title="bbox 127 934 943 983; baseline -0.001 -11"><span class='ocrx_word' id='word_1_101' title='bbox 127 946 262 980; x_wconf 85' lang='lat' dir='ltr'>poenae.</span> <span class='ocrx_word' id='word_1_102' title='bbox 278 938 443 983; x_wconf 81' lang='lat' dir='ltr'>Apparet</span> <span class='ocrx_word' id='word_1_103' title='bbox 459 935 612 982; x_wconf 85' lang='lat' dir='ltr'>quidem</span> <span class='ocrx_word' id='word_1_104' title='bbox 633 935 691 971; x_wconf 89' lang='lat' dir='ltr'>hic</span> <span class='ocrx_word' id='word_1_105' title='bbox 710 935 806 971; x_wconf 66' lang='lat' dir='ltr'>illio-</span> <span class='ocrx_word' id='word_1_106' title='bbox 824 946 910 971; x_wconf 74' lang='lat' dir='ltr'>ron-</span> <span class='ocrx_word' id='word_1_107' title='bbox 940 934 943 947; x_wconf 77' lang='lat'><strong><em>⁴</em></strong></span> 
     </span>
    </p>
   </div>
   <div class='ocr_carea' id='block_1_4' title="bbox 127 983 908 1411">
    <p class='ocr_par' dir='ltr' id='par_1_4' title="bbox 127 983 908 1411">
     <span class='ocr_line' id='line_1_19' title="bbox 127 983 907 1030; baseline -0.001 -11"><span class='ocrx_word' id='word_1_108' title='bbox 127 983 252 1020; x_wconf 78' lang='lat' dir='ltr'>versio</span> <span class='ocrx_word' id='word_1_109' title='bbox 277 984 399 1030; x_wconf 74' lang='lat' dir='ltr'>quoad</span> <span class='ocrx_word' id='word_1_110' title='bbox 424 984 597 1030; x_wconf 81' lang='lat' dir='ltr'>plurima.</span> <span class='ocrx_word' id='word_1_111' title='bbox 621 985 760 1025; x_wconf 87' lang='lat' dir='ltr'>Primo,</span> <span class='ocrx_word' id='word_1_112' title='bbox 783 984 907 1030; x_wconf 81' lang='lat' dir='ltr'>quoad</span> 
     </span>
     <span class='ocr_line' id='line_1_20' title="bbox 129 1031 908 1076; baseline 0 -10"><span class='ocrx_word' id='word_1_113' title='bbox 129 1032 338 1074; x_wconf 78' lang='lat' dir='ltr'>profectum</span> <span class='ocrx_word' id='word_1_114' title='bbox 370 1033 552 1075; x_wconf 84' lang='lat' dir='ltr'>caritatis,</span> <span class='ocrx_word' id='word_1_115' title='bbox 581 1042 693 1076; x_wconf 90' lang='lat' dir='ltr'>quam</span> <span class='ocrx_word' id='word_1_116' title='bbox 728 1031 908 1066; x_wconf 76' lang='lat' dir='ltr'>vivaciter</span> 
     </span>
     <span class='ocr_line' id='line_1_21' title="bbox 129 1077 904 1118; baseline -0.001 -4"><span class='ocrx_word' id='word_1_117' title='bbox 129 1077 167 1114; x_wconf 93' lang='lat' dir='ltr'>in</span> <span class='ocrx_word' id='word_1_118' title='bbox 193 1086 315 1114; x_wconf 82' lang='lat' dir='ltr'>morte</span> <span class='ocrx_word' id='word_1_119' title='bbox 335 1089 402 1115; x_wconf 85' lang='lat' dir='ltr'>sua</span> <span class='ocrx_word' id='word_1_120' title='bbox 424 1078 560 1118; x_wconf 87' lang='lat' dir='ltr'>tenuit,</span> <span class='ocrx_word' id='word_1_121' title='bbox 582 1080 736 1114; x_wconf 85' lang='lat' dir='ltr'>tratrem</span> <span class='ocrx_word' id='word_1_122' title='bbox 760 1082 796 1114; x_wconf 91' lang='lat' dir='ltr'>et</span> <span class='ocrx_word' id='word_1_123' title='bbox 814 1089 904 1113; x_wconf 81' lang='lat' dir='ltr'>con-</span> 
     </span>
     <span class='ocr_line' id='line_1_22' title="bbox 128 1125 902 1173; baseline -0.001 -11"><span class='ocrx_word' id='word_1_124' title='bbox 128 1125 314 1162; x_wconf 81' lang='lat' dir='ltr'>latronem</span> <span class='ocrx_word' id='word_1_125' title='bbox 336 1136 404 1173; x_wconf 86' lang='lat' dir='ltr'>pro</span> <span class='ocrx_word' id='word_1_126' title='bbox 429 1125 541 1161; x_wconf 88' lang='lat' dir='ltr'>simili</span> <span class='ocrx_word' id='word_1_127' title='bbox 572 1127 713 1162; x_wconf 84' lang='lat' dir='ltr'>scelere</span> <span class='ocrx_word' id='word_1_128' title='bbox 735 1125 902 1162; x_wconf 88' lang='lat' dir='ltr'>morien-</span> 
     </span>
     <span class='ocr_line' id='line_1_23' title="bbox 129 1173 901 1219; baseline 0 -10"><span class='ocrx_word' id='word_1_129' title='bbox 129 1177 219 1213; x_wconf 84' lang='lat' dir='ltr'>tem,</span> <span class='ocrx_word' id='word_1_130' title='bbox 249 1176 294 1209; x_wconf 78' lang='lat' dir='ltr'>de</span> <span class='ocrx_word' id='word_1_131' title='bbox 317 1173 514 1219; x_wconf 78' lang='lat' dir='ltr'>iniquitate</span> <span class='ocrx_word' id='word_1_132' title='bbox 534 1184 602 1210; x_wconf 77' lang='lat' dir='ltr'>sua</span> <span class='ocrx_word' id='word_1_133' title='bbox 623 1174 901 1219; x_wconf 79' lang='lat' dir='ltr'>redarguendo,</span> 
     </span>
     <span class='ocr_line' id='line_1_24' title="bbox 127 1220 904 1268; baseline -0.001 -10"><span class='ocrx_word' id='word_1_134' title='bbox 127 1223 166 1258; x_wconf 82' lang='lat' dir='ltr'>et</span> <span class='ocrx_word' id='word_1_135' title='bbox 181 1220 214 1258; x_wconf 87' lang='lat' dir='ltr'>ei</span> <span class='ocrx_word' id='word_1_136' title='bbox 228 1220 359 1266; x_wconf 89' lang='lat' dir='ltr'>vitam,</span> <span class='ocrx_word' id='word_1_137' title='bbox 378 1232 490 1267; x_wconf 89' lang='lat' dir='ltr'>quam</span> <span class='ocrx_word' id='word_1_138' title='bbox 510 1225 752 1267; x_wconf 19' lang='lat' dir='ltr'>c‹a›gnoverat,</span> <span class='ocrx_word' id='word_1_139' title='bbox 770 1221 904 1268; x_wconf 69' lang='lat' dir='ltr'>praedi—</span> 
     </span>
     <span class='ocr_line' id='line_1_25' title="bbox 128 1269 901 1315; baseline 0 -9"><span class='ocrx_word' id='word_1_140' title='bbox 128 1269 266 1306; x_wconf 87' lang='lat' dir='ltr'>cando.</span> <span class='ocrx_word' id='word_1_141' title='bbox 281 1270 467 1313; x_wconf 86' lang='lat' dir='ltr'>Secundo,</span> <span class='ocrx_word' id='word_1_142' title='bbox 489 1269 612 1315; x_wconf 88' lang='lat' dir='ltr'>quoad</span> <span class='ocrx_word' id='word_1_143' title='bbox 636 1269 723 1305; x_wconf 79' lang='lat' dir='ltr'>fidei</span> <span class='ocrx_word' id='word_1_144' title='bbox 744 1276 781 1305; x_wconf 83' lang='lat' dir='ltr'>et</span> <span class='ocrx_word' id='word_1_145' title='bbox 806 1281 901 1306; x_wconf 59' lang='lat' dir='ltr'>xerse</span> 
     </span>
     <span class='ocr_line' id='line_1_26' title="bbox 129 1316 902 1364; baseline 0.001 -11"><span class='ocrx_word' id='word_1_146' title='bbox 129 1316 379 1353; x_wconf 82' lang='lat' dir='ltr'>consessionis</span> <span class='ocrx_word' id='word_1_147' title='bbox 399 1316 668 1361; x_wconf 73' lang='lat' dir='ltr'>sinceritatem,</span> <span class='ocrx_word' id='word_1_148' title='bbox 687 1328 772 1353; x_wconf 72' lang='lat' dir='ltr'>rum</span> <span class='ocrx_word' id='word_1_149' title='bbox 790 1329 902 1364; x_wconf 87' lang='lat' dir='ltr'>quem</span> 
     </span>
     <span class='ocr_line' id='line_1_27' title="bbox 128 1364 903 1411; baseline 0.001 -11"><span class='ocrx_word' id='word_1_150' title='bbox 128 1374 257 1400; x_wconf 85' lang='lat' dir='ltr'>secum</span> <span class='ocrx_word' id='word_1_151' title='bbox 267 1364 410 1411; x_wconf 81' lang='lat' dir='ltr'>pariter</span> <span class='ocrx_word' id='word_1_152' title='bbox 425 1364 645 1400; x_wconf 86' lang='lat' dir='ltr'>morientem</span> <span class='ocrx_word' id='word_1_153' title='bbox 662 1364 768 1408; x_wconf 74' lang='lat' dir='ltr'>vidit,</span> <span class='ocrx_word' id='word_1_154' title='bbox 787 1367 903 1402; x_wconf 81' lang='lat' dir='ltr'>Deum</span> 
     </span>
    </p>
   </div>
   <div class='ocr_carea' id='block_1_5' title="bbox 131 1412 937 1460">
    <p class='ocr_par' dir='ltr' id='par_1_5' title="bbox 131 1412 937 1460">
     <span class='ocr_line' id='line_1_28' title="bbox 131 1412 937 1460; baseline 0.001 -12"><span class='ocrx_word' id='word_1_155' title='bbox 131 1415 167 1448; x_wconf 85' lang='lat' dir='ltr'>et</span> <span class='ocrx_word' id='word_1_156' title='bbox 195 1412 396 1448; x_wconf 88' lang='lat' dir='ltr'>Dominum</span> <span class='ocrx_word' id='word_1_157' title='bbox 428 1417 676 1458; x_wconf 81' lang='lat' dir='ltr'>regnaturum</span> <span class='ocrx_word' id='word_1_158' title='bbox 698 1413 903 1457; x_wconf 84' lang='lat' dir='ltr'>credendo,</span> <span class='ocrx_word' id='word_1_159' title='bbox 934 1438 937 1460; x_wconf 37' lang='grc' dir='ltr'>Ἰ</span> 
     </span>
    </p>
   </div>
   <div class='ocr_carea' id='block_1_6' title="bbox 131 1459 903 1506">
    <p class='ocr_par' dir='ltr' id='par_1_6' title="bbox 131 1459 903 1506">
     <span class='ocr_line' id='line_1_29' title="bbox 131 1459 903 1506; baseline 0.001 -10"><span class='ocrx_word' id='word_1_160' title='bbox 131 1462 167 1496; x_wconf 86' lang='lat' dir='ltr'>et</span> <span class='ocrx_word' id='word_1_161' title='bbox 186 1459 333 1506; x_wconf 86' lang='lat' dir='ltr'>publice</span> <span class='ocrx_word' id='word_1_162' title='bbox 354 1460 610 1506; x_wconf 66' lang='lat' dir='ltr'>praedicando.</span> <span class='ocrx_word' id='word_1_163' title='bbox 627 1459 767 1504; x_wconf 87' lang='lat' dir='ltr'>Tertio,</span> <span class='ocrx_word' id='word_1_164' title='bbox 780 1461 903 1506; x_wconf 85' lang='lat' dir='ltr'>quoad</span> 
     </span>
    </p>
   </div>
   <div class='ocr_carea' id='block_1_7' title="bbox 126 1506 938 1553">
    <p class='ocr_par' dir='ltr' id='par_1_7' title="bbox 126 1506 938 1553">
     <span class='ocr_line' id='line_1_30' title="bbox 126 1506 938 1553; baseline 0.001 -10"><span class='ocrx_word' id='word_1_165' title='bbox 126 1506 286 1553; x_wconf 84' lang='lat' dir='ltr'>justitiae</span> <span class='ocrx_word' id='word_1_166' title='bbox 326 1513 363 1543; x_wconf 85' lang='lat' dir='ltr'>et</span> <span class='ocrx_word' id='word_1_167' title='bbox 398 1507 567 1543; x_wconf 79' lang='lat' dir='ltr'>veritatis</span> <span class='ocrx_word' id='word_1_168' title='bbox 604 1507 905 1553; x_wconf 65' lang='lat' dir='ltr'>propalationem</span> <span class='ocrx_word' id='word_1_169' title='bbox 936 1512 938 1518; x_wconf 90' lang='grc'><strong>’</strong></span> 
     </span>
    </p>
   </div>
   <div class='ocr_carea' id='block_1_8' title="bbox 123 1553 909 2174">
    <p class='ocr_par' dir='ltr' id='par_1_8' title="bbox 123 1553 909 2174">
     <span class='ocr_line' id='line_1_31' title="bbox 132 1553 905 1601; baseline 0.003 -11"><span class='ocrx_word' id='word_1_170' title='bbox 132 1553 326 1591; x_wconf 86' lang='lat' dir='ltr'>humiliter</span> <span class='ocrx_word' id='word_1_171' title='bbox 345 1558 383 1590; x_wconf 87' lang='lat' dir='ltr'>et</span> <span class='ocrx_word' id='word_1_172' title='bbox 413 1565 522 1591; x_wconf 66' lang='lat' dir='ltr'>verus</span> <span class='ocrx_word' id='word_1_173' title='bbox 552 1554 739 1601; x_wconf 66' lang='lat' dir='ltr'>poenitens</span> <span class='ocrx_word' id='word_1_174' title='bbox 760 1560 905 1592; x_wconf 83' lang='lat' dir='ltr'>reatum</span> 
     </span>
     <span class='ocr_line' id='line_1_32' title="bbox 131 1602 908 1648; baseline 0.003 -10"><span class='ocrx_word' id='word_1_175' title='bbox 131 1612 240 1638; x_wconf 93' lang='lat' dir='ltr'>suum</span> <span class='ocrx_word' id='word_1_176' title='bbox 263 1602 427 1645; x_wconf 88' lang='lat' dir='ltr'>latendo,</span> <span class='ocrx_word' id='word_1_177' title='bbox 449 1602 548 1638; x_wconf 89' lang='lat' dir='ltr'>unde</span> <span class='ocrx_word' id='word_1_178' title='bbox 563 1602 626 1648; x_wconf 92' lang='lat' dir='ltr'>qui</span> <span class='ocrx_word' id='word_1_179' title='bbox 648 1603 734 1638; x_wconf 84' lang='lat' dir='ltr'>ficte</span> <span class='ocrx_word' id='word_1_180' title='bbox 753 1604 908 1640; x_wconf 81' lang='lat' dir='ltr'>confite-</span> 
     </span>
     <span class='ocr_line' id='line_1_33' title="bbox 130 1649 907 1695; baseline 0.003 -10"><span class='ocrx_word' id='word_1_181' title='bbox 130 1653 205 1692; x_wconf 78' lang='lat' dir='ltr'>tur,</span> <span class='ocrx_word' id='word_1_182' title='bbox 228 1650 286 1686; x_wconf 81' lang='lat' dir='ltr'>vel</span> <span class='ocrx_word' id='word_1_183' title='bbox 308 1649 346 1686; x_wconf 91' lang='lat' dir='ltr'>in</span> <span class='ocrx_word' id='word_1_184' title='bbox 363 1650 601 1686; x_wconf 87' lang='lat' dir='ltr'>consessione</span> <span class='ocrx_word' id='word_1_185' title='bbox 623 1650 819 1695; x_wconf 74' lang='lat' dir='ltr'>mentitur,</span> <span class='ocrx_word' id='word_1_186' title='bbox 838 1653 907 1687; x_wconf 89' lang='lat' dir='ltr'>Do-</span> 
     </span>
     <span class='ocr_line' id='line_1_34' title="bbox 130 1696 907 1736; baseline 0.001 -3"><span class='ocrx_word' id='word_1_187' title='bbox 130 1697 276 1734; x_wconf 89' lang='lat' dir='ltr'>minum</span> <span class='ocrx_word' id='word_1_188' title='bbox 299 1708 383 1734; x_wconf 89' lang='lat' dir='ltr'>cum</span> <span class='ocrx_word' id='word_1_189' title='bbox 404 1696 556 1733; x_wconf 87' lang='lat' dir='ltr'>sinistro</span> <span class='ocrx_word' id='word_1_190' title='bbox 577 1697 722 1734; x_wconf 82' lang='lat' dir='ltr'>latrone</span> <span class='ocrx_word' id='word_1_191' title='bbox 750 1699 907 1736; x_wconf 81' lang='lat' dir='ltr'>subsan-</span> 
     </span>
     <span class='ocr_line' id='line_1_35' title="bbox 130 1744 907 1793; baseline 0.001 -12"><span class='ocrx_word' id='word_1_192' title='bbox 130 1755 223 1781; x_wconf 83' lang='lat' dir='ltr'>nare</span> <span class='ocrx_word' id='word_1_193' title='bbox 262 1744 424 1781; x_wconf 88' lang='lat' dir='ltr'>videtur.</span> <span class='ocrx_word' id='word_1_194' title='bbox 463 1746 603 1788; x_wconf 83' lang='lat' dir='ltr'>Quarto</span> <span class='ocrx_word' id='word_1_195' title='bbox 617 1773 626 1788; x_wconf 90' lang='lat'><strong>‚</strong></span> <span class='ocrx_word' id='word_1_196' title='bbox 664 1747 789 1791; x_wconf 86' lang='lat' dir='ltr'>quoad</span> <span class='ocrx_word' id='word_1_197' title='bbox 827 1745 907 1793; x_wconf 83' lang='lat' dir='ltr'>spei</span> 
     </span>
     <span class='ocr_line' id='line_1_36' title="bbox 130 1791 906 1838; baseline 0.003 -10"><span class='ocrx_word' id='word_1_198' title='bbox 130 1791 351 1829; x_wconf 85' lang='lat' dir='ltr'>firmitatem</span> <span class='ocrx_word' id='word_1_199' title='bbox 373 1794 479 1838; x_wconf 83' lang='lat' dir='ltr'>regni</span> <span class='ocrx_word' id='word_1_200' title='bbox 502 1793 568 1830; x_wconf 85' lang='lat' dir='ltr'>Dei</span> <span class='ocrx_word' id='word_1_201' title='bbox 593 1792 737 1829; x_wconf 89' lang='lat' dir='ltr'>aditum</span> <span class='ocrx_word' id='word_1_202' title='bbox 761 1797 797 1830; x_wconf 88' lang='lat' dir='ltr'>et</span> <span class='ocrx_word' id='word_1_203' title='bbox 818 1805 906 1830; x_wconf 87' lang='lat' dir='ltr'>con-</span> 
     </span>
     <span class='ocr_line' id='line_1_37' title="bbox 128 1841 909 1888; baseline 0.001 -11"><span class='ocrx_word' id='word_1_204' title='bbox 128 1841 287 1877; x_wconf 88' lang='lat' dir='ltr'>sortium</span> <span class='ocrx_word' id='word_1_205' title='bbox 306 1841 548 1887; x_wconf 83' lang='lat' dir='ltr'>postulando,</span> <span class='ocrx_word' id='word_1_206' title='bbox 565 1851 633 1876; x_wconf 87' lang='lat' dir='ltr'>nec</span> <span class='ocrx_word' id='word_1_207' title='bbox 650 1846 806 1887; x_wconf 86' lang='lat' dir='ltr'>propter</span> <span class='ocrx_word' id='word_1_208' title='bbox 827 1853 909 1888; x_wconf 84' lang='lat' dir='ltr'>pcc-</span> 
     </span>
     <span class='ocr_line' id='line_1_38' title="bbox 128 1888 907 1934; baseline 0.001 -10"><span class='ocrx_word' id='word_1_209' title='bbox 128 1891 301 1925; x_wconf 85' lang='lat' dir='ltr'>catorum</span> <span class='ocrx_word' id='word_1_210' title='bbox 340 1898 495 1925; x_wconf 87' lang='lat' dir='ltr'>suorom</span> <span class='ocrx_word' id='word_1_211' title='bbox 527 1888 828 1934; x_wconf 82' lang='lat' dir='ltr'>magnitudinem</span> <span class='ocrx_word' id='word_1_212' title='bbox 848 1890 907 1926; x_wconf 79' lang='lat' dir='ltr'>vel</span> 
     </span>
     <span class='ocr_line' id='line_1_39' title="bbox 127 1935 906 1983; baseline 0.003 -12"><span class='ocrx_word' id='word_1_213' title='bbox 127 1935 413 1972; x_wconf 84' lang='lat' dir='ltr'>multitudinem</span> <span class='ocrx_word' id='word_1_214' title='bbox 438 1936 692 1983; x_wconf 87' lang='lat' dir='ltr'>desperando.</span> <span class='ocrx_word' id='word_1_215' title='bbox 717 1938 790 1973; x_wconf 88' lang='lat' dir='ltr'>Iste</span> <span class='ocrx_word' id='word_1_216' title='bbox 810 1937 906 1973; x_wconf 89' lang='lat' dir='ltr'>latro</span> 
     </span>
     <span class='ocr_line' id='line_1_40' title="bbox 128 1982 907 2029; baseline 0.003 -10"><span class='ocrx_word' id='word_1_217' title='bbox 128 1983 175 2019; x_wconf 89' lang='lat' dir='ltr'>de</span> <span class='ocrx_word' id='word_1_218' title='bbox 195 1983 299 2019; x_wconf 88' lang='lat' dir='ltr'>nullo</span> <span class='ocrx_word' id='word_1_219' title='bbox 323 1982 393 2019; x_wconf 73' lang='lat' dir='ltr'>nisi</span> <span class='ocrx_word' id='word_1_220' title='bbox 419 1984 465 2020; x_wconf 92' lang='lat' dir='ltr'>de</span> <span class='ocrx_word' id='word_1_221' title='bbox 498 1984 611 2020; x_wconf 85' lang='lat' dir='ltr'>corde</span> <span class='ocrx_word' id='word_1_222' title='bbox 646 1987 684 2020; x_wconf 87' lang='lat' dir='ltr'>et</span> <span class='ocrx_word' id='word_1_223' title='bbox 702 1984 834 2029; x_wconf 84' lang='lat' dir='ltr'>lingua</span> <span class='ocrx_word' id='word_1_224' title='bbox 866 1996 907 2021; x_wconf 88' lang='lat' dir='ltr'>se</span> 
     </span>
     <span class='ocr_line' id='line_1_41' title="bbox 123 2030 908 2078; baseline 0.001 -11"><span class='ocrx_word' id='word_1_225' title='bbox 123 2030 259 2077; x_wconf 84' lang='lat' dir='ltr'>juvare</span> <span class='ocrx_word' id='word_1_226' title='bbox 279 2035 443 2077; x_wconf 85' lang='lat' dir='ltr'>poterat,</span> <span class='ocrx_word' id='word_1_227' title='bbox 467 2042 550 2078; x_wconf 84' lang='lat' dir='ltr'>quae</span> <span class='ocrx_word' id='word_1_228' title='bbox 571 2031 646 2068; x_wconf 90' lang='lat' dir='ltr'>Deo</span> <span class='ocrx_word' id='word_1_229' title='bbox 665 2032 836 2069; x_wconf 85' lang='lat' dir='ltr'>totaliter</span> <span class='ocrx_word' id='word_1_230' title='bbox 856 2033 908 2068; x_wconf 85' lang='lat' dir='ltr'>of-</span> 
     </span>
     <span class='ocr_line' id='line_1_42' title="bbox 127 2078 908 2126; baseline 0.004 -13"><span class='ocrx_word' id='word_1_231' title='bbox 127 2078 227 2115; x_wconf 87' lang='lat' dir='ltr'>ferre</span> <span class='ocrx_word' id='word_1_232' title='bbox 247 2078 392 2115; x_wconf 89' lang='lat' dir='ltr'>curavit</span> <span class='ocrx_word' id='word_1_233' title='bbox 413 2091 420 2115; x_wconf 82' lang='lat' dir='ltr'>z</span> <span class='ocrx_word' id='word_1_234' title='bbox 443 2090 507 2115; x_wconf 89' lang='lat' dir='ltr'>cor</span> <span class='ocrx_word' id='word_1_235' title='bbox 528 2078 679 2126; x_wconf 86' lang='lat' dir='ltr'>quidem</span> <span class='ocrx_word' id='word_1_236' title='bbox 701 2079 740 2116; x_wconf 90' lang='lat' dir='ltr'>in</span> <span class='ocrx_word' id='word_1_237' title='bbox 770 2081 908 2117; x_wconf 89' lang='lat' dir='ltr'>contri-</span> 
     </span>
     <span class='ocr_line' id='line_1_43' title="bbox 126 2125 904 2174; baseline 0.003 -12"><span class='ocrx_word' id='word_1_238' title='bbox 126 2125 230 2162; x_wconf 89' lang='lat' dir='ltr'>tione</span> <span class='ocrx_word' id='word_1_239' title='bbox 257 2130 295 2162; x_wconf 85' lang='lat' dir='ltr'>et</span> <span class='ocrx_word' id='word_1_240' title='bbox 327 2126 462 2163; x_wconf 84' lang='lat' dir='ltr'>intima</span> <span class='ocrx_word' id='word_1_241' title='bbox 500 2126 778 2172; x_wconf 80' lang='lat' dir='ltr'>compassione,</span> <span class='ocrx_word' id='word_1_242' title='bbox 800 2129 904 2174; x_wconf 90' lang='lat' dir='ltr'>quia,</span> 
     </span>
    </p>
   </div>
   <div class='ocr_carea' id='block_1_9' title="bbox 127 2174 943 2221">
    <p class='ocr_par' dir='ltr' id='par_1_9' title="bbox 127 2174 943 2221">
     <span class='ocr_line' id='line_1_44' title="bbox 127 2174 943 2221; baseline 0.002 -11"><span class='ocrx_word' id='word_1_243' title='bbox 127 2174 335 2217; x_wconf 83' lang='lat' dir='ltr'>secundum</span> <span class='ocrx_word' id='word_1_244' title='bbox 373 2175 552 2219; x_wconf 56' lang='lat' dir='ltr'>Glossema,</span> <span class='ocrx_word' id='word_1_245' title='bbox 589 2176 674 2221; x_wconf 89' lang='lat' dir='ltr'>plus</span> <span class='ocrx_word' id='word_1_246' title='bbox 706 2174 907 2212; x_wconf 84' lang='lat' dir='ltr'>videbatur</span> <span class='ocrx_word' id='word_1_247' title='bbox 939 2197 943 2206; x_wconf 75' lang='lat'><strong>·</strong></span> 
     </span>
    </p>
   </div>
   <div class='ocr_carea' id='block_1_10' title="bbox 91 2216 904 2317">
    <p class='ocr_par' dir='ltr' id='par_1_10' title="bbox 91 2216 904 2317">
     <span class='ocr_line' id='line_1_45' title="bbox 123 2216 904 2270; baseline 0.004 -13"><span class='ocrx_word' id='word_1_248' title='bbox 123 2216 247 2268; x_wconf 74' lang='lat' dir='ltr'>affligi</span> <span class='ocrx_word' id='word_1_249' title='bbox 266 2232 308 2257; x_wconf 79' lang='lat' dir='ltr'>ex</span> <span class='ocrx_word' id='word_1_250' title='bbox 331 2222 470 2258; x_wconf 84' lang='lat' dir='ltr'>Cliristi</span> <span class='ocrx_word' id='word_1_251' title='bbox 492 2222 769 2269; x_wconf 85' lang='lat' dir='ltr'>compassione,</span> <span class='ocrx_word' id='word_1_252' title='bbox 791 2234 904 2270; x_wconf 88' lang='lat' dir='ltr'>quam</span> 
     </span>
     <span class='ocr_line' id='line_1_46' title="bbox 91 2269 904 2317; baseline 0.001 -11"><span class='ocrx_word' id='word_1_253' title='bbox 91 2271 96 2312; x_wconf 71' lang='grc' dir='ltr'>ξ</span> <span class='ocrx_word' id='word_1_254' title='bbox 124 2280 168 2306; x_wconf 86' lang='lat' dir='ltr'>ex</span> <span class='ocrx_word' id='word_1_255' title='bbox 205 2280 274 2305; x_wconf 87' lang='lat' dir='ltr'>sua</span> <span class='ocrx_word' id='word_1_256' title='bbox 308 2269 463 2316; x_wconf 90' lang='lat' dir='ltr'>propria</span> <span class='ocrx_word' id='word_1_257' title='bbox 488 2270 676 2317; x_wconf 87' lang='lat' dir='ltr'>passione,</span> <span class='ocrx_word' id='word_1_258' title='bbox 711 2271 785 2307; x_wconf 90' lang='lat' dir='ltr'>imo</span> <span class='ocrx_word' id='word_1_259' title='bbox 822 2271 904 2317; x_wconf 88' lang='lat' dir='ltr'>plus</span> 
     </span>
    </p>
   </div>
   <div class='ocr_carea' id='block_1_11' title="bbox 831 107 1342 143">
    <p class='ocr_par' dir='ltr' id='par_1_11' title="bbox 831 107 1342 143">
     <span class='ocr_line' id='line_1_47' title="bbox 831 107 1342 143; baseline 0.008 -4"><span class='ocrx_word' id='word_1_260' title='bbox 831 107 869 139; x_wconf 60' lang='lat' dir='ltr'>lx</span> <span class='ocrx_word' id='word_1_261' title='bbox 912 108 1125 142; x_wconf 67' lang='lat' dir='ltr'>i’ASSloNl:</span> <span class='ocrx_word' id='word_1_262' title='bbox 1167 111 1269 143; x_wconf 66' lang='lat' dir='ltr'>nont</span> <span class='ocrx_word' id='word_1_263' title='bbox 1286 113 1300 139; x_wconf 62' lang='grc' dir='ltr'>κ·</span> <span class='ocrx_word' id='word_1_264' title='bbox 1317 109 1342 143; x_wconf 87' lang='lat' dir='ltr'>l.</span> 
     </span>
    </p>
   </div>
   <div class='ocr_carea' id='block_1_12' title="bbox 938 504 947 1558">
    <p class='ocr_par' dir='ltr' id='par_1_12' title="bbox 938 504 947 1558">
     <span class='ocr_line' id='line_1_48' title="bbox 938 504 947 1558; baseline 0 0"><span class='ocrx_word' id='word_1_265' title='bbox 938 504 947 1558; x_wconf 95' lang='lat' dir='ltr'> </span> 
     </span>
    </p>
   </div>
   <div class='ocr_carea' id='block_1_13' title="bbox 940 2060 944 2115">
    <p class='ocr_par' dir='ltr' id='par_1_13' title="bbox 940 2060 944 2115">
     <span class='ocr_line' id='line_1_49' title="bbox 940 2060 944 2115; baseline 0 0"><span class='ocrx_word' id='word_1_266' title='bbox 940 2060 944 2115; x_wconf 86' lang='lat' dir='ltr'>l</span> 
     </span>
    </p>
   </div>
   <div class='ocr_carea' id='block_1_14' title="bbox 939 2243 942 2324">
    <p class='ocr_par' dir='ltr' id='par_1_14' title="bbox 939 2243 942 2324">
     <span class='ocr_line' id='line_1_50' title="bbox 939 2243 942 2324; baseline 0 0"><span class='ocrx_word' id='word_1_267' title='bbox 939 2243 942 2324; x_wconf 80' lang='lat' dir='ltr'>l</span> 
     </span>
    </p>
   </div>
   <div class='ocr_carea' id='block_1_15' title="bbox 90 2316 941 2457">
    <p class='ocr_par' dir='ltr' id='par_1_15' title="bbox 90 2316 941 2457">
     <span class='ocr_line' id='line_1_51' title="bbox 90 2316 941 2372; baseline 0.004 -20"><span class='ocrx_word' id='word_1_268' title='bbox 90 2316 311 2370; x_wconf 53' lang='lat' dir='ltr'>{plangens</span> <span class='ocrx_word' id='word_1_269' title='bbox 347 2318 485 2370; x_wconf 86' lang='lat' dir='ltr'>Christi</span> <span class='ocrx_word' id='word_1_270' title='bbox 513 2318 755 2372; x_wconf 78' lang='lat' dir='ltr'>supplicium,</span> <span class='ocrx_word' id='word_1_271' title='bbox 789 2329 903 2372; x_wconf 78' lang='lat' dir='ltr'>quam</span> <span class='ocrx_word' id='word_1_272' title='bbox 939 2332 941 2371; x_wconf 64' lang='lat'><em>3</em></span> 
     </span>
     <span class='ocr_line' id='line_1_52' title="bbox 94 2368 903 2413; baseline 0.001 -12"><span class='ocrx_word' id='word_1_273' title='bbox 94 2375 97 2377; x_wconf 68' lang='grc'><strong><em>’</em></strong></span> <span class='ocrx_word' id='word_1_274' title='bbox 124 2375 236 2401; x_wconf 87' lang='lat' dir='ltr'>suum</span> <span class='ocrx_word' id='word_1_275' title='bbox 263 2375 486 2411; x_wconf 84' lang='lat' dir='ltr'>proprium3</span> <span class='ocrx_word' id='word_1_276' title='bbox 508 2369 545 2402; x_wconf 89' lang='lat' dir='ltr'>et</span> <span class='ocrx_word' id='word_1_277' title='bbox 574 2368 754 2413; x_wconf 81' lang='lat' dir='ltr'>linguam,</span> <span class='ocrx_word' id='word_1_278' title='bbox 776 2370 817 2403; x_wconf 91' lang='lat' dir='ltr'>ut</span> <span class='ocrx_word' id='word_1_279' title='bbox 838 2368 903 2402; x_wconf 84' lang='lat' dir='ltr'>dl-</span> 
     </span>
     <span class='ocr_line' id='line_1_53' title="bbox 122 2412 941 2457; baseline 0.004 -9"><span class='ocrx_word' id='word_1_280' title='bbox 122 2415 224 2449; x_wconf 84' lang='lat' dir='ltr'>ctum</span> <span class='ocrx_word' id='word_1_281' title='bbox 261 2417 331 2457; x_wconf 89' lang='lat' dir='ltr'>est,</span> <span class='ocrx_word' id='word_1_282' title='bbox 369 2412 406 2448; x_wconf 90' lang='lat' dir='ltr'>in</span> <span class='ocrx_word' id='word_1_283' title='bbox 443 2413 614 2450; x_wconf 84' lang='lat' dir='ltr'>veritatis</span> <span class='ocrx_word' id='word_1_284' title='bbox 651 2415 899 2451; x_wconf 79' lang='lat' dir='ltr'>consessione.</span> <span class='ocrx_word' id='word_1_285' title='bbox 938 2414 941 2437; x_wconf 78' lang='lat'>·&#39;</span> 
     </span>
    </p>
   </div>
   <div class='ocr_carea' id='block_1_16' title="bbox 118 2460 903 2746">
    <p class='ocr_par' dir='ltr' id='par_1_16' title="bbox 118 2460 903 2746">
     <span class='ocr_line' id='line_1_54' title="bbox 124 2460 901 2504; baseline 0.001 -8"><span class='ocrx_word' id='word_1_286' title='bbox 124 2460 229 2496; x_wconf 92' lang='lat' dir='ltr'>Unde</span> <span class='ocrx_word' id='word_1_287' title='bbox 258 2460 456 2504; x_wconf 64' lang='lat' dir='ltr'>Greyorius</span> <span class='ocrx_word' id='word_1_288' title='bbox 484 2473 495 2496; x_wconf 89' lang='lat'>.·</span> <span class='ocrx_word' id='word_1_289' title='bbox 527 2475 545 2494; x_wconf 87' lang='lat'>«</span> <span class='ocrx_word' id='word_1_290' title='bbox 578 2462 619 2497; x_wconf 88' lang='lat' dir='ltr'>In</span> <span class='ocrx_word' id='word_1_291' title='bbox 654 2472 764 2498; x_wconf 88' lang='lat' dir='ltr'>cruce</span> <span class='ocrx_word' id='word_1_292' title='bbox 806 2461 901 2497; x_wconf 85' lang='lat' dir='ltr'>clavi</span> 
     </span>
     <span class='ocr_line' id='line_1_55' title="bbox 122 2508 901 2555; baseline 0.001 -11"><span class='ocrx_word' id='word_1_293' title='bbox 122 2517 258 2544; x_wconf 88' lang='lat' dir='ltr'>manus</span> <span class='ocrx_word' id='word_1_294' title='bbox 280 2508 471 2554; x_wconf 70' lang='lat' dir='ltr'>pedesque</span> <span class='ocrx_word' id='word_1_295' title='bbox 490 2508 714 2554; x_wconf 82' lang='lat' dir='ltr'>ligaverant,</span> <span class='ocrx_word' id='word_1_296' title='bbox 732 2509 901 2555; x_wconf 86' lang='lat' dir='ltr'>nihilque</span> 
     </span>
     <span class='ocr_line' id='line_1_56' title="bbox 121 2554 903 2602; baseline 0.003 -11"><span class='ocrx_word' id='word_1_297' title='bbox 121 2554 154 2591; x_wconf 90' lang='lat' dir='ltr'>ei</span> <span class='ocrx_word' id='word_1_298' title='bbox 179 2566 202 2592; x_wconf 89' lang='lat' dir='ltr'>a</span> <span class='ocrx_word' id='word_1_299' title='bbox 222 2554 345 2602; x_wconf 83' lang='lat' dir='ltr'>poenis</span> <span class='ocrx_word' id='word_1_300' title='bbox 372 2555 409 2591; x_wconf 95' lang='lat' dir='ltr'>in</span> <span class='ocrx_word' id='word_1_301' title='bbox 437 2567 481 2592; x_wconf 91' lang='lat' dir='ltr'>eo</span> <span class='ocrx_word' id='word_1_302' title='bbox 510 2556 670 2592; x_wconf 85' lang='lat' dir='ltr'>liberum</span> <span class='ocrx_word' id='word_1_303' title='bbox 693 2556 764 2592; x_wconf 87' lang='lat' dir='ltr'>nisi</span> <span class='ocrx_word' id='word_1_304' title='bbox 783 2568 848 2593; x_wconf 74' lang='lat' dir='ltr'>cor</span> <span class='ocrx_word' id='word_1_305' title='bbox 865 2561 903 2593; x_wconf 90' lang='lat' dir='ltr'>et</span> 
     </span>
     <span class='ocr_line' id='line_1_57' title="bbox 119 2602 899 2650; baseline 0.003 -12"><span class='ocrx_word' id='word_1_306' title='bbox 119 2602 249 2650; x_wconf 85' lang='lat' dir='ltr'>lingua</span> <span class='ocrx_word' id='word_1_307' title='bbox 285 2607 533 2639; x_wconf 79' lang='lat' dir='ltr'>remanserat.</span> <span class='ocrx_word' id='word_1_308' title='bbox 560 2605 769 2650; x_wconf 87' lang='lat' dir='ltr'>Inspirante</span> <span class='ocrx_word' id='word_1_309' title='bbox 808 2606 899 2649; x_wconf 83' lang='lat' dir='ltr'>Deo,</span> 
     </span>
     <span class='ocr_line' id='line_1_58' title="bbox 118 2649 900 2698; baseline 0.004 -13"><span class='ocrx_word' id='word_1_310' title='bbox 118 2652 241 2688; x_wconf 87' lang='lat' dir='ltr'>totum</span> <span class='ocrx_word' id='word_1_311' title='bbox 263 2649 357 2687; x_wconf 88' lang='lat' dir='ltr'>illud</span> <span class='ocrx_word' id='word_1_312' title='bbox 385 2651 418 2687; x_wconf 89' lang='lat' dir='ltr'>ei</span> <span class='ocrx_word' id='word_1_313' title='bbox 452 2651 589 2688; x_wconf 82' lang='lat' dir='ltr'>obtulit</span> <span class='ocrx_word' id='word_1_314' title='bbox 609 2652 710 2698; x_wconf 88' lang='lat' dir='ltr'>quod</span> <span class='ocrx_word' id='word_1_315' title='bbox 731 2651 771 2688; x_wconf 88' lang='lat' dir='ltr'>in</span> <span class='ocrx_word' id='word_1_316' title='bbox 794 2663 833 2689; x_wconf 90' lang='lat' dir='ltr'>se</span> <span class='ocrx_word' id='word_1_317' title='bbox 856 2651 900 2688; x_wconf 90' lang='lat' dir='ltr'>li-</span> 
     </span>
     <span class='ocr_line' id='line_1_59' title="bbox 118 2697 901 2746; baseline 0.003 -12"><span class='ocrx_word' id='word_1_318' title='bbox 118 2697 252 2735; x_wconf 90' lang='lat' dir='ltr'>berum</span> <span class='ocrx_word' id='word_1_319' title='bbox 290 2697 451 2743; x_wconf 90' lang='lat' dir='ltr'>invenit,</span> <span class='ocrx_word' id='word_1_320' title='bbox 492 2702 530 2735; x_wconf 86' lang='lat' dir='ltr'>nt</span> <span class='ocrx_word' id='word_1_321' title='bbox 561 2699 670 2745; x_wconf 85' lang='lat' dir='ltr'>J&#39;uxta</span> <span class='ocrx_word' id='word_1_322' title='bbox 699 2700 771 2736; x_wconf 91' lang='lat' dir='ltr'>hoc</span> <span class='ocrx_word' id='word_1_323' title='bbox 799 2700 901 2746; x_wconf 90' lang='lat' dir='ltr'>quod</span> 
     </span>
    </p>
   </div>
   <div class='ocr_carea' id='block_1_17' title="bbox 117 2745 934 2796">
    <p class='ocr_par' dir='ltr' id='par_1_17' title="bbox 117 2745 934 2796">
     <span class='ocr_line' id='line_1_60' title="bbox 117 2745 934 2796; baseline 0.002 -14"><span class='ocrx_word' id='word_1_324' title='bbox 117 2745 300 2793; x_wconf 85' lang='lat' dir='ltr'>scriptum</span> <span class='ocrx_word' id='word_1_325' title='bbox 335 2749 404 2792; x_wconf 84' lang='lat' dir='ltr'>est,</span> <span class='ocrx_word' id='word_1_326' title='bbox 429 2747 541 2783; x_wconf 81' lang='lat' dir='ltr'>corde</span> <span class='ocrx_word' id='word_1_327' title='bbox 564 2747 745 2784; x_wconf 79' lang='lat' dir='ltr'>‘crederet</span> <span class='ocrx_word' id='word_1_328' title='bbox 768 2748 814 2784; x_wconf 87' lang='lat' dir='ltr'>ad</span> <span class='ocrx_word' id='word_1_329' title='bbox 834 2748 900 2794; x_wconf 79' lang='lat' dir='ltr'>jti-</span> <span class='ocrx_word' id='word_1_330' title='bbox 931 2791 934 2796; x_wconf 30' lang='grc' dir='ltr'>Ι</span> 
     </span>
    </p>
   </div>
   <div class='ocr_carea' id='block_1_18' title="bbox 936 2453 940 2526">
    <p class='ocr_par' dir='ltr' id='par_1_18' title="bbox 936 2453 940 2526">
     <span class='ocr_line' id='line_1_61' title="bbox 936 2453 940 2526; baseline 0 0"><span class='ocrx_word' id='word_1_331' title='bbox 936 2453 940 2526; x_wconf 83' lang='lat' dir='ltr'>l</span> 
     </span>
    </p>
   </div>
   <div class='ocr_carea' id='block_1_19' title="bbox 1713 112 1764 146">
    <p class='ocr_par' dir='ltr' id='par_1_19' title="bbox 1713 112 1764 146">
     <span class='ocr_line' id='line_1_62' title="bbox 1713 112 1764 146; baseline 0.02 -2"><span class='ocrx_word' id='word_1_332' title='bbox 1713 112 1764 146; x_wconf 65' lang='grc' dir='ltr'>ἱιιῑ]</span> 
     </span>
    </p>
   </div>
   <div class='ocr_carea' id='block_1_20' title="bbox 974 175 1765 2796">
    <p class='ocr_par' dir='ltr' id='par_1_20' title="bbox 975 175 1764 1218">
     <span class='ocr_line' id='line_1_63' title="bbox 985 175 1764 219; baseline 0.01 -8"><span class='ocrx_word' id='word_1_333' title='bbox 985 175 1210 215; x_wconf 72' lang='lat' dir='ltr'>stitiain,oi·e</span> <span class='ocrx_word' id='word_1_334' title='bbox 1225 182 1471 216; x_wconf 80' lang='lat' dir='ltr'>contiteretnr</span> <span class='ocrx_word' id='word_1_335' title='bbox 1485 180 1533 217; x_wconf 85' lang='lat' dir='ltr'>ad</span> <span class='ocrx_word' id='word_1_336' title='bbox 1556 181 1727 219; x_wconf 79' lang='lat' dir='ltr'>salutem.</span> <span class='ocrx_word' id='word_1_337' title='bbox 1751 199 1764 211; x_wconf 60' lang='grc' dir='ltr'>ν</span> 
     </span>
     <span class='ocr_line' id='line_1_64' title="bbox 986 224 1761 276; baseline 0.006 -17"><span class='ocrx_word' id='word_1_338' title='bbox 986 224 1089 276; x_wconf 63' lang='lat' dir='ltr'>Unjle</span> <span class='ocrx_word' id='word_1_339' title='bbox 1111 229 1145 259; x_wconf 80' lang='lat' dir='ltr'>rt</span> <span class='ocrx_word' id='word_1_340' title='bbox 1168 227 1264 261; x_wconf 53' lang='lat' dir='ltr'>Beda</span> <span class='ocrx_word' id='word_1_341' title='bbox 1287 240 1297 261; x_wconf 87' lang='grc'>.-</span> <span class='ocrx_word' id='word_1_342' title='bbox 1321 240 1338 259; x_wconf 89' lang='lat'>«</span> <span class='ocrx_word' id='word_1_343' title='bbox 1359 227 1452 271; x_wconf 84' lang='lat' dir='ltr'>Quis</span> <span class='ocrx_word' id='word_1_344' title='bbox 1467 229 1580 274; x_wconf 87' lang='lat' dir='ltr'>liujus</span> <span class='ocrx_word' id='word_1_345' title='bbox 1603 229 1761 266; x_wconf 79' lang='lat' dir='ltr'>latronis</span> 
     </span>
     <span class='ocr_line' id='line_1_65' title="bbox 984 274 1760 323; baseline 0.01 -17"><span class='ocrx_word' id='word_1_346' title='bbox 984 281 1153 323; x_wconf 42' lang='lat' dir='ltr'>annii-uni</span> <span class='ocrx_word' id='word_1_347' title='bbox 1190 284 1264 308; x_wconf 90' lang='lat' dir='ltr'>non</span> <span class='ocrx_word' id='word_1_348' title='bbox 1290 274 1472 311; x_wconf 75' lang='lat' dir='ltr'>miretur?</span> <span class='ocrx_word' id='word_1_349' title='bbox 1494 278 1570 312; x_wconf 92' lang='lat' dir='ltr'>lmo</span> <span class='ocrx_word' id='word_1_350' title='bbox 1588 277 1760 323; x_wconf 73' lang='lat' dir='ltr'>jnvantis</span> 
     </span>
     <span class='ocr_line' id='line_1_66' title="bbox 986 319 1759 369; baseline 0.009 -17"><span class='ocrx_word' id='word_1_351' title='bbox 986 319 1134 353; x_wconf 67' lang='lat' dir='ltr'>Domini</span> <span class='ocrx_word' id='word_1_352' title='bbox 1154 320 1328 364; x_wconf 75' lang='lat' dir='ltr'>gratiam,</span> <span class='ocrx_word' id='word_1_353' title='bbox 1344 324 1428 368; x_wconf 85' lang='lat' dir='ltr'>quis</span> <span class='ocrx_word' id='word_1_354' title='bbox 1445 323 1557 369; x_wconf 77' lang='lat' dir='ltr'>digne</span> <span class='ocrx_word' id='word_1_355' title='bbox 1579 324 1759 368; x_wconf 81' lang='lat' dir='ltr'>miretur;</span> 
     </span>
     <span class='ocr_line' id='line_1_67' title="bbox 985 365 1764 411; baseline 0.013 -12"><span class='ocrx_word' id='word_1_356' title='bbox 985 365 1100 411; x_wconf 72' lang='lat' dir='ltr'>(ligna</span> <span class='ocrx_word' id='word_1_357' title='bbox 1136 366 1343 410; x_wconf 73' lang='lat' dir='ltr'>gratiarnm</span> <span class='ocrx_word' id='word_1_358' title='bbox 1368 370 1515 407; x_wconf 72' lang='lat' dir='ltr'>actione</span> <span class='ocrx_word' id='word_1_359' title='bbox 1538 374 1764 409; x_wconf 69' lang='lat' dir='ltr'>veneretur?</span> 
     </span>
     <span class='ocr_line' id='line_1_68' title="bbox 986 413 1761 459; baseline 0.01 -11"><span class='ocrx_word' id='word_1_360' title='bbox 986 413 1065 458; x_wconf 90' lang='lat' dir='ltr'>llle,</span> <span class='ocrx_word' id='word_1_361' title='bbox 1088 413 1150 459; x_wconf 89' lang='lat' dir='ltr'>qni</span> <span class='ocrx_word' id='word_1_362' title='bbox 1174 413 1257 449; x_wconf 70' lang='lat' dir='ltr'>talis</span> <span class='ocrx_word' id='word_1_363' title='bbox 1273 415 1320 450; x_wconf 84' lang='lat' dir='ltr'>ad</span> <span class='ocrx_word' id='word_1_364' title='bbox 1339 428 1486 453; x_wconf 71' lang='lat' dir='ltr'>crin-em</span> <span class='ocrx_word' id='word_1_365' title='bbox 1506 419 1605 454; x_wconf 70' lang='lat' dir='ltr'>venit</span> <span class='ocrx_word' id='word_1_366' title='bbox 1624 432 1664 455; x_wconf 63' lang='lat' dir='ltr'>ex</span> <span class='ocrx_word' id='word_1_367' title='bbox 1684 422 1761 456; x_wconf 74' lang='lat' dir='ltr'>cnl-</span> 
     </span>
     <span class='ocr_line' id='line_1_69' title="bbox 984 462 1760 507; baseline 0.012 -13"><span class='ocrx_word' id='word_1_368' title='bbox 984 470 1045 506; x_wconf 88' lang='lat' dir='ltr'>pa,</span> <span class='ocrx_word' id='word_1_369' title='bbox 1075 471 1159 496; x_wconf 82' lang='lat' dir='ltr'>erce</span> <span class='ocrx_word' id='word_1_370' title='bbox 1192 462 1311 507; x_wconf 58' lang='lat' dir='ltr'>qualis</span> <span class='ocrx_word' id='word_1_371' title='bbox 1345 474 1366 498; x_wconf 88' lang='lat' dir='ltr'>a</span> <span class='ocrx_word' id='word_1_372' title='bbox 1403 476 1512 501; x_wconf 75' lang='lat' dir='ltr'>‹rrnre</span> <span class='ocrx_word' id='word_1_373' title='bbox 1548 467 1689 502; x_wconf 76' lang='lat' dir='ltr'>recedit</span> <span class='ocrx_word' id='word_1_374' title='bbox 1717 479 1760 503; x_wconf 79' lang='lat' dir='ltr'>ex</span> 
     </span>
     <span class='ocr_line' id='line_1_70' title="bbox 983 507 1759 560; baseline 0.012 -18"><span class='ocrx_word' id='word_1_375' title='bbox 983 507 1118 554; x_wconf 78' lang='lat' dir='ltr'>gratia.</span> <span class='ocrx_word' id='word_1_376' title='bbox 1137 509 1399 546; x_wconf 85' lang='lat' dir='ltr'>Conlitebatur</span> <span class='ocrx_word' id='word_1_377' title='bbox 1415 512 1630 554; x_wconf 76' lang='lat' dir='ltr'>Dominum,</span> <span class='ocrx_word' id='word_1_378' title='bbox 1649 526 1759 560; x_wconf 75' lang='lat' dir='ltr'>qnen‘i</span> 
     </span>
     <span class='ocr_line' id='line_1_71' title="bbox 985 555 1760 599; baseline 0.012 -10"><span class='ocrx_word' id='word_1_379' title='bbox 985 555 1134 591; x_wconf 77' lang='lat' dir='ltr'>videbat</span> <span class='ocrx_word' id='word_1_380' title='bbox 1171 567 1298 592; x_wconf 80' lang='lat' dir='ltr'>secum</span> <span class='ocrx_word' id='word_1_381' title='bbox 1336 558 1501 595; x_wconf 86' lang='lat' dir='ltr'>humana</span> <span class='ocrx_word' id='word_1_382' title='bbox 1541 560 1760 599; x_wconf 79' lang='lat' dir='ltr'>infirmitate</span> 
     </span>
     <span class='ocr_line' id='line_1_72' title="bbox 984 602 1759 656; baseline 0.009 -18"><span class='ocrx_word' id='word_1_383' title='bbox 984 602 1222 648; x_wconf 86' lang='lat' dir='ltr'>morientem,</span> <span class='ocrx_word' id='word_1_384' title='bbox 1260 605 1412 650; x_wconf 85' lang='lat' dir='ltr'>quando</span> <span class='ocrx_word' id='word_1_385' title='bbox 1446 608 1631 653; x_wconf 59' lang='lat' dir='ltr'>negabant</span> <span class='ocrx_word' id='word_1_386' title='bbox 1668 611 1759 656; x_wconf 59' lang='lat' dir='ltr'>Apo-</span> 
     </span>
     <span class='ocr_line' id='line_1_73' title="bbox 984 650 1758 697; baseline 0.009 -12"><span class='ocrx_word' id='word_1_387' title='bbox 984 650 1069 685; x_wconf 87' lang='lat' dir='ltr'>stoli</span> <span class='ocrx_word' id='word_1_388' title='bbox 1096 661 1195 694; x_wconf 85' lang='lat' dir='ltr'>eum,</span> <span class='ocrx_word' id='word_1_389' title='bbox 1223 662 1333 697; x_wconf 83' lang='lat' dir='ltr'>quem</span> <span class='ocrx_word' id='word_1_390' title='bbox 1366 654 1548 690; x_wconf 81' lang='lat' dir='ltr'>mira-ula</span> <span class='ocrx_word' id='word_1_391' title='bbox 1588 655 1758 693; x_wconf 57' lang='lat' dir='ltr'>widerant</span> 
     </span>
     <span class='ocr_line' id='line_1_74' title="bbox 984 697 1758 740; baseline 0.01 -8"><span class='ocrx_word' id='word_1_392' title='bbox 984 697 1111 734; x_wconf 67' lang='lat' dir='ltr'>divina</span> <span class='ocrx_word' id='word_1_393' title='bbox 1128 697 1266 734; x_wconf 76' lang='lat' dir='ltr'>virtute</span> <span class='ocrx_word' id='word_1_394' title='bbox 1283 699 1484 737; x_wconf 76' lang='lat' dir='ltr'>facientem</span> <span class='ocrx_word' id='word_1_395' title='bbox 1504 713 1511 737; x_wconf 93' lang='lat'>:</span> <span class='ocrx_word' id='word_1_396' title='bbox 1532 716 1548 735; x_wconf 93' lang='lat'>»</span> <span class='ocrx_word' id='word_1_397' title='bbox 1564 703 1642 738; x_wconf 71' lang='lat' dir='ltr'>hier</span> <span class='ocrx_word' id='word_1_398' title='bbox 1664 706 1758 740; x_wconf 64' lang='lat' dir='ltr'>mm</span> 
     </span>
     <span class='ocr_line' id='line_1_75' title="bbox 984 746 1758 794; baseline 0.006 -14"><span class='ocrx_word' id='word_1_399' title='bbox 984 747 1035 781; x_wconf 90' lang='lat' dir='ltr'>Tu</span> <span class='ocrx_word' id='word_1_400' title='bbox 1057 749 1182 781; x_wconf 85' lang='lat' dir='ltr'>aulem</span> <span class='ocrx_word' id='word_1_401' title='bbox 1201 746 1253 782; x_wconf 66' lang='lat' dir='ltr'>sic</span> <span class='ocrx_word' id='word_1_402' title='bbox 1271 758 1380 783; x_wconf 86' lang='lat' dir='ltr'>orare</span> <span class='ocrx_word' id='word_1_403' title='bbox 1400 753 1503 794; x_wconf 82' lang='lat' dir='ltr'>potes</span> <span class='ocrx_word' id='word_1_404' title='bbox 1520 761 1528 784; x_wconf 90' lang='lat'>:</span> <span class='ocrx_word' id='word_1_405' title='bbox 1543 750 1695 786; x_wconf 76' lang='lat' dir='ltr'>Obsecro</span> <span class='ocrx_word' id='word_1_406' title='bbox 1714 756 1758 790; x_wconf 74' lang='lat' dir='ltr'>te,</span> 
     </span>
     <span class='ocr_line' id='line_1_76' title="bbox 984 794 1764 841; baseline 0.01 -14"><span class='ocrx_word' id='word_1_407' title='bbox 984 795 1146 838; x_wconf 79' lang='lat' dir='ltr'>Domine,</span> <span class='ocrx_word' id='word_1_408' title='bbox 1169 794 1217 829; x_wconf 76' lang='lat' dir='ltr'>da</span> <span class='ocrx_word' id='word_1_409' title='bbox 1252 796 1344 830; x_wconf 75' lang='lat' dir='ltr'>mihi</span> <span class='ocrx_word' id='word_1_410' title='bbox 1361 798 1481 841; x_wconf 71' lang='lat' dir='ltr'>primo</span> <span class='ocrx_word' id='word_1_411' title='bbox 1514 808 1593 832; x_wconf 77' lang='lat' dir='ltr'>cum</span> <span class='ocrx_word' id='word_1_412' title='bbox 1623 799 1764 835; x_wconf 70' lang='lat' dir='ltr'>latrone</span> 
     </span>
     <span class='ocr_line' id='line_1_77' title="bbox 983 842 1762 886; baseline 0.008 -10"><span class='ocrx_word' id='word_1_413' title='bbox 983 842 1052 876; x_wconf 73' lang='lat' dir='ltr'>isto</span> <span class='ocrx_word' id='word_1_414' title='bbox 1075 845 1108 876; x_wconf 73' lang='lat' dir='ltr'>te</span> <span class='ocrx_word' id='word_1_415' title='bbox 1130 852 1351 886; x_wconf 59' lang='lat' dir='ltr'>cognoscere,</span> <span class='ocrx_word' id='word_1_416' title='bbox 1374 847 1405 878; x_wconf 76' lang='lat' dir='ltr'>et</span> <span class='ocrx_word' id='word_1_417' title='bbox 1427 844 1558 880; x_wconf 74' lang='lat' dir='ltr'>deinde</span> <span class='ocrx_word' id='word_1_418' title='bbox 1577 847 1630 881; x_wconf 79' lang='lat' dir='ltr'>sic</span> <span class='ocrx_word' id='word_1_419' title='bbox 1652 850 1684 881; x_wconf 67' lang='lat' dir='ltr'>te</span> <span class='ocrx_word' id='word_1_420' title='bbox 1705 858 1762 882; x_wconf 83' lang='lat' dir='ltr'>eo-</span> 
     </span>
     <span class='ocr_line' id='line_1_78' title="bbox 982 892 1763 938; baseline 0.01 -16"><span class='ocrx_word' id='word_1_421' title='bbox 982 900 1155 933; x_wconf 64' lang='lat' dir='ltr'>yizosec-ns</span> <span class='ocrx_word' id='word_1_422' title='bbox 1191 900 1245 924; x_wconf 84' lang='lat' dir='ltr'>me</span> <span class='ocrx_word' id='word_1_423' title='bbox 1284 892 1378 926; x_wconf 68' lang='lat' dir='ltr'>sieut</span> <span class='ocrx_word' id='word_1_424' title='bbox 1417 902 1498 927; x_wconf 70' lang='lat' dir='ltr'>vere</span> <span class='ocrx_word' id='word_1_425' title='bbox 1541 898 1763 938; x_wconf 73' lang='lat' dir='ltr'>peccatorem</span> 
     </span>
     <span class='ocr_line' id='line_1_79' title="bbox 983 938 1763 986; baseline 0.009 -15"><span class='ocrx_word' id='word_1_426' title='bbox 983 938 1146 980; x_wconf 70' lang='lat' dir='ltr'>confiteri</span> <span class='ocrx_word' id='word_1_427' title='bbox 1184 941 1217 972; x_wconf 74' lang='lat' dir='ltr'>et</span> <span class='ocrx_word' id='word_1_428' title='bbox 1251 940 1488 983; x_wconf 66' lang='lat' dir='ltr'>magmifieare</span> <span class='ocrx_word' id='word_1_429' title='bbox 1517 943 1560 980; x_wconf 75' lang='lat' dir='ltr'>te,</span> <span class='ocrx_word' id='word_1_430' title='bbox 1586 943 1651 986; x_wconf 70' lang='lat' dir='ltr'>«sici</span> <span class='ocrx_word' id='word_1_431' title='bbox 1685 945 1763 978; x_wconf 65' lang='lat' dir='ltr'>sine</span> 
     </span>
     <span class='ocr_line' id='line_1_80' title="bbox 982 986 1760 1033; baseline 0.008 -14"><span class='ocrx_word' id='word_1_432' title='bbox 982 986 1091 1029; x_wconf 74' lang='lat' dir='ltr'>culpa</span> <span class='ocrx_word' id='word_1_433' title='bbox 1122 996 1253 1030; x_wconf 71' lang='lat' dir='ltr'>passus</span> <span class='ocrx_word' id='word_1_434' title='bbox 1274 996 1309 1020; x_wconf 82' lang='lat' dir='ltr'>es</span> <span class='ocrx_word' id='word_1_435' title='bbox 1339 987 1465 1031; x_wconf 71' lang='lat' dir='ltr'>jzeszus</span> <span class='ocrx_word' id='word_1_436' title='bbox 1494 998 1560 1033; x_wconf 73' lang='lat' dir='ltr'>pro</span> <span class='ocrx_word' id='word_1_437' title='bbox 1595 989 1760 1033; x_wconf 61' lang='lat' dir='ltr'>injustis.</span> 
     </span>
     <span class='ocr_line' id='line_1_81' title="bbox 979 1033 1762 1081; baseline 0.009 -15"><span class='ocrx_word' id='word_1_438' title='bbox 979 1033 1199 1076; x_wconf 72' lang='lat' dir='ltr'>Desiderem,</span> <span class='ocrx_word' id='word_1_439' title='bbox 1223 1044 1357 1077; x_wconf 60' lang='lat' dir='ltr'>quaeso,</span> <span class='ocrx_word' id='word_1_440' title='bbox 1382 1036 1552 1079; x_wconf 75' lang='lat' dir='ltr'>Domine,</span> <span class='ocrx_word' id='word_1_441' title='bbox 1580 1041 1702 1081; x_wconf 76' lang='lat' dir='ltr'>petam</span> <span class='ocrx_word' id='word_1_442' title='bbox 1730 1041 1762 1074; x_wconf 79' lang='lat' dir='ltr'>et</span> 
     </span>
     <span class='ocr_line' id='line_1_82' title="bbox 979 1080 1760 1125; baseline 0.01 -12"><span class='ocrx_word' id='word_1_443' title='bbox 979 1080 1168 1125; x_wconf 73' lang='lat' dir='ltr'>impetrem</span> <span class='ocrx_word' id='word_1_444' title='bbox 1193 1081 1325 1115; x_wconf 75' lang='lat' dir='ltr'>eisdem</span> <span class='ocrx_word' id='word_1_445' title='bbox 1355 1082 1471 1117; x_wconf 66' lang='lat' dir='ltr'>serbis</span> <span class='ocrx_word' id='word_1_446' title='bbox 1495 1093 1575 1117; x_wconf 69' lang='lat' dir='ltr'>euin</span> <span class='ocrx_word' id='word_1_447' title='bbox 1602 1084 1722 1120; x_wconf 75' lang='lat' dir='ltr'>eodem</span> <span class='ocrx_word' id='word_1_448' title='bbox 1752 1100 1760 1122; x_wconf 89' lang='lat'><strong>:</strong></span> 
     </span>
     <span class='ocr_line' id='line_1_83' title="bbox 978 1128 1760 1176; baseline 0.009 -15"><span class='ocrx_word' id='word_1_449' title='bbox 978 1128 1154 1162; x_wconf 55' lang='lat' dir='ltr'>Manena)</span> <span class='ocrx_word' id='word_1_450' title='bbox 1170 1130 1252 1172; x_wconf 67' lang='lat' dir='ltr'>ita-i,</span> <span class='ocrx_word' id='word_1_451' title='bbox 1275 1130 1438 1176; x_wconf 78' lang='lat' dir='ltr'>Domine,</span> <span class='ocrx_word' id='word_1_452' title='bbox 1459 1130 1545 1165; x_wconf 77' lang='lat' dir='ltr'>dum</span> <span class='ocrx_word' id='word_1_453' title='bbox 1566 1134 1706 1168; x_wconf 70' lang='lat' dir='ltr'>veneris</span> <span class='ocrx_word' id='word_1_454' title='bbox 1722 1134 1760 1168; x_wconf 75' lang='lat' dir='ltr'>z&#39;n</span> 
     </span>
     <span class='ocr_line' id='line_1_84' title="bbox 975 1178 1265 1218; baseline 0.01 -9"><span class='ocrx_word' id='word_1_455' title='bbox 975 1186 1127 1218; x_wconf 66' lang='lat' dir='ltr'>ressnnm</span> <span class='ocrx_word' id='word_1_456' title='bbox 1151 1178 1265 1212; x_wconf 71' lang='lat' dir='ltr'>tuum.</span> 
     </span>
    </p>

    <p class='ocr_par' dir='ltr' id='par_1_21' title="bbox 974 1222 1765 2796">
     <span class='ocr_line' id='line_1_85' title="bbox 1025 1222 1764 1265; baseline 0.008 -8"><span class='ocrx_word' id='word_1_457' title='bbox 1025 1225 1067 1258; x_wconf 79' lang='lat'>25</span> <span class='ocrx_word' id='word_1_458' title='bbox 1091 1222 1181 1265; x_wconf 65' lang='lat' dir='ltr'>Quin</span> <span class='ocrx_word' id='word_1_459' title='bbox 1203 1235 1349 1259; x_wconf 76' lang='lat' dir='ltr'>MYSTIOE</span> <span class='ocrx_word' id='word_1_460' title='bbox 1377 1237 1446 1261; x_wconf 72' lang='lat' dir='ltr'>nt&#39;o</span> <span class='ocrx_word' id='word_1_461' title='bbox 1480 1230 1694 1263; x_wconf 43' lang='lat' dir='ltr'>Lamo-ves?</span> <span class='ocrx_word' id='word_1_462' title='bbox 1719 1249 1764 1256; x_wconf 90' lang='lat'>—-</span> 
     </span>
     <span class='ocr_line' id='line_1_86' title="bbox 976 1270 1765 1312; baseline 0.009 -7"><span class='ocrx_word' id='word_1_463' title='bbox 976 1271 1047 1305; x_wconf 87' lang='lat' dir='ltr'>Per</span> <span class='ocrx_word' id='word_1_464' title='bbox 1068 1270 1159 1306; x_wconf 86' lang='lat' dir='ltr'>istos</span> <span class='ocrx_word' id='word_1_465' title='bbox 1180 1271 1274 1308; x_wconf 89' lang='lat' dir='ltr'>duos</span> <span class='ocrx_word' id='word_1_466' title='bbox 1308 1272 1475 1310; x_wconf 89' lang='lat' dir='ltr'>latrones</span> <span class='ocrx_word' id='word_1_467' title='bbox 1494 1274 1692 1311; x_wconf 54' lang='lat' dir='ltr'>sixnantur</span> <span class='ocrx_word' id='word_1_468' title='bbox 1711 1276 1765 1312; x_wconf 72' lang='lat' dir='ltr'>iili</span> 
     </span>
     <span class='ocr_line' id='line_1_87' title="bbox 976 1317 1762 1368; baseline 0.01 -16"><span class='ocrx_word' id='word_1_469' title='bbox 976 1317 1037 1363; x_wconf 90' lang='lat' dir='ltr'>qui</span> <span class='ocrx_word' id='word_1_470' title='bbox 1064 1328 1131 1363; x_wconf 89' lang='lat' dir='ltr'>pro</span> <span class='ocrx_word' id='word_1_471' title='bbox 1158 1319 1323 1365; x_wconf 74' lang='lat' dir='ltr'>peccatis</span> <span class='ocrx_word' id='word_1_472' title='bbox 1350 1320 1426 1356; x_wconf 86' lang='lat' dir='ltr'>suis</span> <span class='ocrx_word' id='word_1_473' title='bbox 1452 1322 1762 1368; x_wconf 70' lang='lat' dir='ltr'>expian1l=s,riin1</span> 
     </span>
     <span class='ocr_line' id='line_1_88' title="bbox 976 1366 1762 1415; baseline 0.006 -13"><span class='ocrx_word' id='word_1_474' title='bbox 976 1366 1762 1415; x_wconf 69' lang='lat' dir='ltr'>Christocrucifigunturperprofessionem</span> 
     </span>
     <span class='ocr_line' id='line_1_89' title="bbox 976 1413 1759 1464; baseline 0.01 -17"><span class='ocrx_word' id='word_1_475' title='bbox 976 1413 1015 1448; x_wconf 88' lang='lat' dir='ltr'>in</span> <span class='ocrx_word' id='word_1_476' title='bbox 1033 1413 1214 1460; x_wconf 73' lang='lat' dir='ltr'>religione</span> <span class='ocrx_word' id='word_1_477' title='bbox 1232 1415 1369 1451; x_wconf 79' lang='lat' dir='ltr'>factam</span> <span class='ocrx_word' id='word_1_478' title='bbox 1387 1427 1395 1459; x_wconf 80' lang='lat'><em>3</em></span> <span class='ocrx_word' id='word_1_479' title='bbox 1415 1416 1479 1452; x_wconf 87' lang='lat' dir='ltr'>sed</span> <span class='ocrx_word' id='word_1_480' title='bbox 1492 1417 1609 1464; x_wconf 86' lang='lat' dir='ltr'>aliqui</span> <span class='ocrx_word' id='word_1_481' title='bbox 1634 1430 1759 1454; x_wconf 84' lang='lat' dir='ltr'>rever-</span> 
     </span>
     <span class='ocr_line' id='line_1_90' title="bbox 978 1462 1758 1506; baseline 0.01 -11"><span class='ocrx_word' id='word_1_482' title='bbox 978 1464 1111 1496; x_wconf 82' lang='lat' dir='ltr'>tuntur</span> <span class='ocrx_word' id='word_1_483' title='bbox 1131 1465 1230 1505; x_wconf 84' lang='lat' dir='ltr'>actu,</span> <span class='ocrx_word' id='word_1_484' title='bbox 1255 1462 1323 1498; x_wconf 75' lang='lat' dir='ltr'>etsi</span> <span class='ocrx_word' id='word_1_485' title='bbox 1358 1474 1432 1499; x_wconf 85' lang='lat' dir='ltr'>non</span> <span class='ocrx_word' id='word_1_486' title='bbox 1463 1464 1607 1506; x_wconf 85' lang='lat' dir='ltr'>habitu,</span> <span class='ocrx_word' id='word_1_487' title='bbox 1631 1466 1678 1501; x_wconf 85' lang='lat' dir='ltr'>ad</span> <span class='ocrx_word' id='word_1_488' title='bbox 1700 1478 1758 1503; x_wconf 85' lang='lat' dir='ltr'>se-</span> 
     </span>
     <span class='ocr_line' id='line_1_91' title="bbox 979 1509 1756 1560; baseline 0.009 -17"><span class='ocrx_word' id='word_1_489' title='bbox 979 1509 1146 1544; x_wconf 68' lang='lat' dir='ltr'>cularem</span> <span class='ocrx_word' id='word_1_490' title='bbox 1172 1509 1359 1554; x_wconf 74' lang='lat' dir='ltr'>vitam,de</span> <span class='ocrx_word' id='word_1_491' title='bbox 1387 1512 1526 1556; x_wconf 83' lang='lat' dir='ltr'>quibus</span> <span class='ocrx_word' id='word_1_492' title='bbox 1545 1512 1635 1548; x_wconf 74' lang='lat' dir='ltr'>dicit</span> <span class='ocrx_word' id='word_1_493' title='bbox 1658 1514 1756 1560; x_wconf 74' lang='lat' dir='ltr'>Apo-</span> 
     </span>
     <span class='ocr_line' id='line_1_92' title="bbox 979 1556 1760 1607; baseline 0.008 -16"><span class='ocrx_word' id='word_1_494' title='bbox 979 1556 1098 1591; x_wconf 79' lang='lat' dir='ltr'>stolus</span> <span class='ocrx_word' id='word_1_495' title='bbox 1122 1568 1129 1591; x_wconf 90' lang='lat'>:</span> <span class='ocrx_word' id='word_1_496' title='bbox 1155 1559 1293 1593; x_wconf 68' lang='lat' dir='ltr'>Nomen</span> <span class='ocrx_word' id='word_1_497' title='bbox 1313 1560 1379 1593; x_wconf 81' lang='lat' dir='ltr'>Dei</span> <span class='ocrx_word' id='word_1_498' title='bbox 1402 1559 1676 1605; x_wconf 72' lang='lat' dir='ltr'>blasphematio·</span> <span class='ocrx_word' id='word_1_499' title='bbox 1695 1573 1760 1607; x_wconf 72' lang='lat' dir='ltr'>pei·</span> 
     </span>
     <span class='ocr_line' id='line_1_93' title="bbox 980 1604 1758 1652; baseline 0.008 -14"><span class='ocrx_word' id='word_1_500' title='bbox 980 1614 1043 1639; x_wconf 67' lang='lat' dir='ltr'>cos</span> <span class='ocrx_word' id='word_1_501' title='bbox 1065 1605 1160 1639; x_wconf 73' lang='lat' dir='ltr'>inter</span> <span class='ocrx_word' id='word_1_502' title='bbox 1180 1604 1323 1649; x_wconf 78' lang='lat' dir='ltr'>Gentes,</span> <span class='ocrx_word' id='word_1_503' title='bbox 1346 1606 1527 1652; x_wconf 88' lang='lat' dir='ltr'>quoniam</span> <span class='ocrx_word' id='word_1_504' title='bbox 1561 1609 1758 1644; x_wconf 77' lang='lat' dir='ltr'>scandali—</span> 
     </span>
     <span class='ocr_line' id='line_1_94' title="bbox 982 1653 1758 1702; baseline 0.006 -16"><span class='ocrx_word' id='word_1_505' title='bbox 982 1654 1069 1686; x_wconf 86' lang='lat' dir='ltr'>zant</span> <span class='ocrx_word' id='word_1_506' title='bbox 1085 1653 1287 1698; x_wconf 82' lang='lat' dir='ltr'>seculares,</span> <span class='ocrx_word' id='word_1_507' title='bbox 1315 1657 1352 1689; x_wconf 88' lang='lat' dir='ltr'>et</span> <span class='ocrx_word' id='word_1_508' title='bbox 1375 1653 1433 1689; x_wconf 86' lang='lat' dir='ltr'>isti</span> <span class='ocrx_word' id='word_1_509' title='bbox 1455 1654 1657 1700; x_wconf 74' lang='lat' dir='ltr'>signantur</span> <span class='ocrx_word' id='word_1_510' title='bbox 1691 1668 1758 1702; x_wconf 77' lang='lat' dir='ltr'>pei·</span> 
     </span>
     <span class='ocr_line' id='line_1_95' title="bbox 983 1698 1758 1746; baseline 0.009 -13"><span class='ocrx_word' id='word_1_511' title='bbox 983 1698 1168 1735; x_wconf 90' lang='lat' dir='ltr'>latronem</span> <span class='ocrx_word' id='word_1_512' title='bbox 1195 1701 1523 1746; x_wconf 81' lang='lat' dir='ltr'>blasphemantem</span> <span class='ocrx_word' id='word_1_513' title='bbox 1544 1714 1552 1746; x_wconf 90' lang='lat'>;</span> <span class='ocrx_word' id='word_1_514' title='bbox 1585 1703 1648 1739; x_wconf 89' lang='lat' dir='ltr'>alii</span> <span class='ocrx_word' id='word_1_515' title='bbox 1670 1715 1758 1740; x_wconf 72' lang='lat' dir='ltr'>vero</span> 
     </span>
     <span class='ocr_line' id='line_1_96' title="bbox 982 1746 1760 1794; baseline 0.008 -13"><span class='ocrx_word' id='word_1_516' title='bbox 982 1746 1143 1792; x_wconf 81' lang='lat' dir='ltr'>professi</span> <span class='ocrx_word' id='word_1_517' title='bbox 1160 1758 1308 1784; x_wconf 86' lang='lat' dir='ltr'>crucem</span> <span class='ocrx_word' id='word_1_518' title='bbox 1321 1748 1555 1794; x_wconf 71' lang='lat' dir='ltr'>poenitentiae</span> <span class='ocrx_word' id='word_1_519' title='bbox 1571 1750 1760 1788; x_wconf 85' lang='lat' dir='ltr'>sustinent</span> 
     </span>
     <span class='ocr_line' id='line_1_97' title="bbox 983 1794 1759 1843; baseline 0.006 -13"><span class='ocrx_word' id='word_1_520' title='bbox 983 1794 1129 1837; x_wconf 83' lang='lat' dir='ltr'>devote,</span> <span class='ocrx_word' id='word_1_521' title='bbox 1147 1805 1215 1840; x_wconf 90' lang='lat' dir='ltr'>per</span> <span class='ocrx_word' id='word_1_522' title='bbox 1232 1796 1467 1842; x_wconf 86' lang='lat' dir='ltr'>patientiam,</span> <span class='ocrx_word' id='word_1_523' title='bbox 1480 1801 1516 1832; x_wconf 91' lang='lat' dir='ltr'>et</span> <span class='ocrx_word' id='word_1_524' title='bbox 1531 1797 1588 1833; x_wconf 90' lang='lat' dir='ltr'>isti</span> <span class='ocrx_word' id='word_1_525' title='bbox 1609 1798 1759 1843; x_wconf 73' lang='lat' dir='ltr'>signan-</span> 
     </span>
     <span class='ocr_line' id='line_1_98' title="bbox 983 1843 1759 1888; baseline 0.006 -11"><span class='ocrx_word' id='word_1_526' title='bbox 983 1845 1046 1877; x_wconf 86' lang='lat' dir='ltr'>tur</span> <span class='ocrx_word' id='word_1_527' title='bbox 1064 1843 1332 1888; x_wconf 86' lang='lat' dir='ltr'>perlatronem</span> <span class='ocrx_word' id='word_1_528' title='bbox 1361 1844 1551 1880; x_wconf 78' lang='lat' dir='ltr'>Christum</span> <span class='ocrx_word' id='word_1_529' title='bbox 1574 1848 1759 1882; x_wconf 88' lang='lat' dir='ltr'>contiten-</span> 
     </span>
     <span class='ocr_line' id='line_1_99' title="bbox 983 1890 1760 1938; baseline 0.006 -14"><span class='ocrx_word' id='word_1_530' title='bbox 983 1893 1073 1925; x_wconf 87' lang='lat' dir='ltr'>tem.</span> <span class='ocrx_word' id='word_1_531' title='bbox 1098 1890 1202 1926; x_wconf 85' lang='lat' dir='ltr'>Unde</span> <span class='ocrx_word' id='word_1_532' title='bbox 1215 1892 1267 1926; x_wconf 89' lang='lat' dir='ltr'>ait</span> <span class='ocrx_word' id='word_1_533' title='bbox 1280 1891 1380 1927; x_wconf 82' lang='lat' dir='ltr'>Beda</span> <span class='ocrx_word' id='word_1_534' title='bbox 1397 1903 1405 1927; x_wconf 76' lang='lat' dir='ltr'>z</span> <span class='ocrx_word' id='word_1_535' title='bbox 1425 1906 1443 1924; x_wconf 93' lang='lat'>«</span> <span class='ocrx_word' id='word_1_536' title='bbox 1460 1892 1627 1938; x_wconf 69' lang='lat' dir='ltr'>Mystice.</span> <span class='ocrx_word' id='word_1_537' title='bbox 1645 1894 1760 1930; x_wconf 85' lang='lat' dir='ltr'>latro-</span> 
     </span>
     <span class='ocr_line' id='line_1_100' title="bbox 983 1937 1759 1981; baseline 0.006 -9"><span class='ocrx_word' id='word_1_538' title='bbox 983 1947 1050 1973; x_wconf 87' lang='lat' dir='ltr'>nes</span> <span class='ocrx_word' id='word_1_539' title='bbox 1072 1937 1135 1981; x_wconf 78' lang='lat' dir='ltr'>qui</span> <span class='ocrx_word' id='word_1_540' title='bbox 1163 1949 1247 1974; x_wconf 90' lang='lat' dir='ltr'>cum</span> <span class='ocrx_word' id='word_1_541' title='bbox 1270 1939 1431 1975; x_wconf 88' lang='lat' dir='ltr'>Domino</span> <span class='ocrx_word' id='word_1_542' title='bbox 1453 1940 1542 1976; x_wconf 89' lang='lat' dir='ltr'>hine</span> <span class='ocrx_word' id='word_1_543' title='bbox 1562 1940 1650 1977; x_wconf 87' lang='lat' dir='ltr'>inde</span> <span class='ocrx_word' id='word_1_544' title='bbox 1671 1946 1759 1977; x_wconf 88' lang='lat' dir='ltr'>sunt</span> 
     </span>
     <span class='ocr_line' id='line_1_101' title="bbox 983 1984 1758 2033; baseline 0.008 -13"><span class='ocrx_word' id='word_1_545' title='bbox 983 1984 1165 2028; x_wconf 83' lang='lat' dir='ltr'>crucifixi,</span> <span class='ocrx_word' id='word_1_546' title='bbox 1194 1985 1409 2032; x_wconf 82' lang='lat' dir='ltr'>significant</span> <span class='ocrx_word' id='word_1_547' title='bbox 1431 1998 1496 2023; x_wconf 88' lang='lat' dir='ltr'>eos</span> <span class='ocrx_word' id='word_1_548' title='bbox 1514 1988 1576 2033; x_wconf 88' lang='lat' dir='ltr'>qni</span> <span class='ocrx_word' id='word_1_549' title='bbox 1597 1990 1667 2025; x_wconf 87' lang='lat' dir='ltr'>sub</span> <span class='ocrx_word' id='word_1_550' title='bbox 1685 1990 1758 2026; x_wconf 73' lang='lat' dir='ltr'>fide</span> 
     </span>
     <span class='ocr_line' id='line_1_102' title="bbox 984 2033 1757 2083; baseline 0.006 -16"><span class='ocrx_word' id='word_1_551' title='bbox 984 2035 1021 2068; x_wconf 88' lang='lat' dir='ltr'>et</span> <span class='ocrx_word' id='word_1_552' title='bbox 1049 2033 1290 2070; x_wconf 86' lang='lat' dir='ltr'>consessione</span> <span class='ocrx_word' id='word_1_553' title='bbox 1318 2033 1471 2077; x_wconf 83' lang='lat' dir='ltr'>Christi,</span> <span class='ocrx_word' id='word_1_554' title='bbox 1504 2036 1560 2071; x_wconf 76' lang='lat' dir='ltr'>vel</span> <span class='ocrx_word' id='word_1_555' title='bbox 1599 2047 1757 2083; x_wconf 62' lang='lat' dir='ltr'>agonem</span> 
     </span>
     <span class='ocr_line' id='line_1_103' title="bbox 982 2080 1759 2127; baseline 0.008 -12"><span class='ocrx_word' id='word_1_556' title='bbox 982 2080 1169 2127; x_wconf 65' lang='lat' dir='ltr'>martyrii,</span> <span class='ocrx_word' id='word_1_557' title='bbox 1184 2081 1241 2117; x_wconf 89' lang='lat' dir='ltr'>vel</span> <span class='ocrx_word' id='word_1_558' title='bbox 1252 2081 1432 2127; x_wconf 70' lang='lat' dir='ltr'>quaelibet</span> <span class='ocrx_word' id='word_1_559' title='bbox 1443 2082 1759 2120; x_wconf 77' lang='lat' dir='ltr'>continentiaeseu</span> 
     </span>
     <span class='ocr_line' id='line_1_104' title="bbox 982 2126 1758 2174; baseline 0.006 -11"><span class='ocrx_word' id='word_1_560' title='bbox 982 2126 1193 2174; x_wconf 60' lang='lat' dir='ltr'>disciplinae</span> <span class='ocrx_word' id='word_1_561' title='bbox 1208 2128 1380 2165; x_wconf 78' lang='lat' dir='ltr'>arctioris</span> <span class='ocrx_word' id='word_1_562' title='bbox 1398 2128 1758 2168; x_wconf 83' lang='lat' dir='ltr'>institutasubeunt.</span> 
     </span>
     <span class='ocr_line' id='line_1_105' title="bbox 983 2176 1758 2223; baseline 0.004 -11"><span class='ocrx_word' id='word_1_563' title='bbox 983 2176 1055 2212; x_wconf 89' lang='lat' dir='ltr'>Sed</span> <span class='ocrx_word' id='word_1_564' title='bbox 1079 2180 1263 2222; x_wconf 86' lang='lat' dir='ltr'>quotquot</span> <span class='ocrx_word' id='word_1_565' title='bbox 1276 2177 1355 2213; x_wconf 81' lang='lat' dir='ltr'>haec</span> <span class='ocrx_word' id='word_1_566' title='bbox 1368 2188 1436 2223; x_wconf 89' lang='lat' dir='ltr'>pro</span> <span class='ocrx_word' id='word_1_567' title='bbox 1454 2184 1600 2214; x_wconf 82' lang='lat' dir='ltr'>aeterna</span> <span class='ocrx_word' id='word_1_568' title='bbox 1621 2179 1758 2223; x_wconf 87' lang='lat' dir='ltr'>soloin,</span> 
     </span>
     <span class='ocr_line' id='line_1_106' title="bbox 981 2223 1758 2271; baseline 0.006 -13"><span class='ocrx_word' id='word_1_569' title='bbox 981 2223 1201 2269; x_wconf 81' lang='lat' dir='ltr'>coelestique</span> <span class='ocrx_word' id='word_1_570' title='bbox 1228 2224 1351 2271; x_wconf 83' lang='lat' dir='ltr'>gloria</span> <span class='ocrx_word' id='word_1_571' title='bbox 1362 2229 1512 2269; x_wconf 63' lang='lat' dir='ltr'>gerunt,</span> <span class='ocrx_word' id='word_1_572' title='bbox 1530 2225 1565 2261; x_wconf 90' lang='lat' dir='ltr'>hi</span> <span class='ocrx_word' id='word_1_573' title='bbox 1589 2227 1758 2269; x_wconf 77' lang='lat' dir='ltr'>proferto</span> 
     </span>
     <span class='ocr_line' id='line_1_107' title="bbox 982 2270 1761 2311; baseline 0.008 -6"><span class='ocrx_word' id='word_1_574' title='bbox 982 2270 1100 2306; x_wconf 80' lang='lat' dir='ltr'>dextri</span> <span class='ocrx_word' id='word_1_575' title='bbox 1129 2271 1287 2307; x_wconf 90' lang='lat' dir='ltr'>latronis</span> <span class='ocrx_word' id='word_1_576' title='bbox 1315 2272 1450 2308; x_wconf 82' lang='lat' dir='ltr'>merito</span> <span class='ocrx_word' id='word_1_577' title='bbox 1485 2277 1521 2309; x_wconf 87' lang='lat' dir='ltr'>et</span> <span class='ocrx_word' id='word_1_578' title='bbox 1548 2274 1622 2310; x_wconf 81' lang='lat' dir='ltr'>fide</span> <span class='ocrx_word' id='word_1_579' title='bbox 1653 2275 1761 2311; x_wconf 65' lang='lat' dir='ltr'>desi-</span> 
     </span>
     <span class='ocr_line' id='line_1_108' title="bbox 981 2319 1759 2365; baseline 0.006 -12"><span class='ocrx_word' id='word_1_580' title='bbox 981 2322 1161 2364; x_wconf 82' lang='lat' dir='ltr'>gnantur.</span> <span class='ocrx_word' id='word_1_581' title='bbox 1185 2321 1245 2363; x_wconf 87' lang='lat' dir='ltr'>At,</span> <span class='ocrx_word' id='word_1_582' title='bbox 1268 2319 1330 2365; x_wconf 92' lang='lat' dir='ltr'>qui</span> <span class='ocrx_word' id='word_1_583' title='bbox 1353 2320 1410 2355; x_wconf 74' lang='lat' dir='ltr'>vel</span> <span class='ocrx_word' id='word_1_584' title='bbox 1436 2320 1612 2357; x_wconf 79' lang='lat' dir='ltr'>humanae</span> <span class='ocrx_word' id='word_1_585' title='bbox 1636 2322 1759 2358; x_wconf 61' lang='lat' dir='ltr'>lanais·</span> 
     </span>
     <span class='ocr_line' id='line_1_109' title="bbox 982 2366 1760 2417; baseline 0.008 -17"><span class='ocrx_word' id='word_1_586' title='bbox 982 2367 1135 2410; x_wconf 88' lang='lat' dir='ltr'>intuitu,</span> <span class='ocrx_word' id='word_1_587' title='bbox 1158 2366 1214 2402; x_wconf 84' lang='lat' dir='ltr'>vel</span> <span class='ocrx_word' id='word_1_588' title='bbox 1237 2366 1406 2413; x_wconf 86' lang='lat' dir='ltr'>qualibet</span> <span class='ocrx_word' id='word_1_589' title='bbox 1426 2367 1552 2404; x_wconf 86' lang='lat' dir='ltr'>minus</span> <span class='ocrx_word' id='word_1_590' title='bbox 1574 2369 1691 2417; x_wconf 84' lang='lat' dir='ltr'>digna</span> <span class='ocrx_word' id='word_1_591' title='bbox 1708 2370 1760 2406; x_wconf 93' lang='lat' dir='ltr'>in—</span> 
     </span>
     <span class='ocr_line' id='line_1_110' title="bbox 979 2413 1756 2461; baseline 0.005 -12"><span class='ocrx_word' id='word_1_592' title='bbox 979 2413 1150 2450; x_wconf 88' lang='lat' dir='ltr'>tentione</span> <span class='ocrx_word' id='word_1_593' title='bbox 1187 2414 1316 2450; x_wconf 88' lang='lat' dir='ltr'>seculo</span> <span class='ocrx_word' id='word_1_594' title='bbox 1354 2415 1642 2461; x_wconf 83' lang='lat' dir='ltr'>abrenuntiant,</span> <span class='ocrx_word' id='word_1_595' title='bbox 1684 2428 1756 2453; x_wconf 76' lang='lat' dir='ltr'>non</span> 
     </span>
     <span class='ocr_line' id='line_1_111' title="bbox 979 2460 1756 2508; baseline 0.005 -12"><span class='ocrx_word' id='word_1_596' title='bbox 979 2460 1170 2497; x_wconf 87' lang='lat' dir='ltr'>immerito</span> <span class='ocrx_word' id='word_1_597' title='bbox 1194 2462 1511 2508; x_wconf 82' lang='lat' dir='ltr'>blasphematoris</span> <span class='ocrx_word' id='word_1_598' title='bbox 1547 2468 1583 2500; x_wconf 90' lang='lat' dir='ltr'>et</span> <span class='ocrx_word' id='word_1_599' title='bbox 1614 2465 1756 2501; x_wconf 75' lang='lat' dir='ltr'>sinistri</span> 
     </span>
     <span class='ocr_line' id='line_1_112' title="bbox 981 2508 1755 2549; baseline 0.006 -6"><span class='ocrx_word' id='word_1_600' title='bbox 981 2508 1138 2545; x_wconf 88' lang='lat' dir='ltr'>latronis</span> <span class='ocrx_word' id='word_1_601' title='bbox 1163 2513 1326 2546; x_wconf 89' lang='lat' dir='ltr'>mentem</span> <span class='ocrx_word' id='word_1_602' title='bbox 1356 2514 1393 2547; x_wconf 86' lang='lat' dir='ltr'>et</span> <span class='ocrx_word' id='word_1_603' title='bbox 1426 2512 1755 2549; x_wconf 83' lang='lat' dir='ltr'>actusimitantnr.</span> 
     </span>
     <span class='ocr_line' id='line_1_113' title="bbox 980 2557 1758 2600; baseline 0.005 -8"><span class='ocrx_word' id='word_1_604' title='bbox 980 2557 1138 2600; x_wconf 78' lang='lat' dir='ltr'>Quidam</span> <span class='ocrx_word' id='word_1_605' title='bbox 1162 2557 1256 2593; x_wconf 85' lang='lat' dir='ltr'>dnos</span> <span class='ocrx_word' id='word_1_606' title='bbox 1293 2558 1460 2594; x_wconf 87' lang='lat' dir='ltr'>latrones</span> <span class='ocrx_word' id='word_1_607' title='bbox 1492 2570 1576 2595; x_wconf 87' lang='lat' dir='ltr'>cnm</span> <span class='ocrx_word' id='word_1_608' title='bbox 1601 2561 1758 2596; x_wconf 75' lang='lat' dir='ltr'>Domino</span> 
     </span>
     <span class='ocr_line' id='line_1_114' title="bbox 980 2604 1759 2655; baseline 0.008 -17"><span class='ocrx_word' id='word_1_609' title='bbox 980 2604 1178 2640; x_wconf 77' lang='lat' dir='ltr'>crncitixos</span> <span class='ocrx_word' id='word_1_610' title='bbox 1193 2604 1339 2650; x_wconf 86' lang='lat' dir='ltr'>duobus</span> <span class='ocrx_word' id='word_1_611' title='bbox 1355 2606 1628 2652; x_wconf 78' lang='lat' dir='ltr'>baptizatorum</span> <span class='ocrx_word' id='word_1_612' title='bbox 1649 2619 1759 2655; x_wconf 67' lang='lat' dir='ltr'>gene-</span> 
     </span>
     <span class='ocr_line' id='line_1_115' title="bbox 978 2651 1756 2700; baseline 0.005 -13"><span class='ocrx_word' id='word_1_613' title='bbox 978 2651 1082 2688; x_wconf 85' lang='lat' dir='ltr'>ribus</span> <span class='ocrx_word' id='word_1_614' title='bbox 1102 2656 1281 2699; x_wconf 87' lang='lat' dir='ltr'>coaptant</span> <span class='ocrx_word' id='word_1_615' title='bbox 1299 2664 1307 2689; x_wconf 88' lang='lat'>:</span> <span class='ocrx_word' id='word_1_616' title='bbox 1331 2654 1556 2700; x_wconf 75' lang='lat' dir='ltr'>Quicumque</span> <span class='ocrx_word' id='word_1_617' title='bbox 1575 2658 1670 2691; x_wconf 73' lang='lat' dir='ltr'>enim</span> <span class='ocrx_word' id='word_1_618' title='bbox 1694 2657 1756 2690; x_wconf 73' lang='lat' dir='ltr'>ba-</span> 
     </span>
     <span class='ocr_line' id='line_1_116' title="bbox 974 2701 1756 2748; baseline 0.004 -14"><span class='ocrx_word' id='word_1_619' title='bbox 974 2701 1117 2746; x_wconf 81' lang='lat' dir='ltr'>ptizati</span> <span class='ocrx_word' id='word_1_620' title='bbox 1152 2710 1278 2736; x_wconf 82' lang='lat' dir='ltr'>sumus</span> <span class='ocrx_word' id='word_1_621' title='bbox 1322 2703 1361 2737; x_wconf 78' lang='lat' dir='ltr'>in</span> <span class='ocrx_word' id='word_1_622' title='bbox 1398 2702 1542 2739; x_wconf 77' lang='lat' dir='ltr'>Christo</span> <span class='ocrx_word' id='word_1_623' title='bbox 1580 2705 1679 2748; x_wconf 79' lang='lat' dir='ltr'>Jeszc,</span> <span class='ocrx_word' id='word_1_624' title='bbox 1720 2705 1756 2738; x_wconf 73' lang='lat' dir='ltr'>in</span> 
     </span>
     <span class='ocr_line' id='line_1_117' title="bbox 977 2749 1758 2796; baseline 0.006 -14"><span class='ocrx_word' id='word_1_625' title='bbox 977 2751 1090 2783; x_wconf 79' lang='lat' dir='ltr'>morte</span> <span class='ocrx_word' id='word_1_626' title='bbox 1117 2749 1235 2794; x_wconf 72' lang='lat' dir='ltr'>ipsius</span> <span class='ocrx_word' id='word_1_627' title='bbox 1261 2749 1444 2796; x_wconf 67' lang='lat' dir='ltr'>baptiza-ta·</span> <span class='ocrx_word' id='word_1_628' title='bbox 1466 2760 1604 2786; x_wconf 78' lang='lat' dir='ltr'>sumus.</span> <span class='ocrx_word' id='word_1_629' title='bbox 1639 2751 1758 2787; x_wconf 71' lang='lat' dir='ltr'>Ambo</span> 
     </span>
    </p>
   </div>
  </div>
 </body>
</html>
