1924 3157
678 174 731 208 DE
772 174 920 209 FINALI
958 175 1160 210 Junlcm.
1683 174 1745 208 295

99 242 271 291 posueris
290 254 385 290 quos
408 243 574 280 obvolvit
608 244 717 281 sunus
749 245 876 282 seculi.

99 291 197 335 Quid
214 302 317 338 ergo,
341 302 485 338 quaese,
506 292 675 338 proderit
693 293 800 329 nobis
816 297 879 329 tua

98 339 185 375 felix
206 342 243 375 et
274 339 438 385 gioriosa
473 339 665 384 exaltatio,
699 343 735 376 et
765 351 877 386 quam

100 386 188 422 inde
216 387 416 431 habemus,
452 386 570 423 dulcis
600 392 637 423 ct
671 387 877 424 affectuosa

98 433 295 470 exsultatio
314 435 332 471 '2
357 437 399 472 Ut
419 445 508 480 ergo
528 434 661 470 Filium
683 439 788 471 tuum
813 440 876 471 to—

98 482 172 518 tius
197 482 327 518 mundi
366 483 612 526 Salvatorem,
647 487 683 518 et
726 486 762 519 te
796 483 876 529 ejus

95 529 436 567 reconciliatricem
466 529 651 566 veraciter
674 541 758 566 esse
786 540 873 566 sen-

96 575 259 620 tiainus;
295 588 339 614 eo
375 589 442 614 nos
476 577 713 624 propensiori
748 577 873 614 studio

92 623 197 670 juva,
216 635 427 671 precamur,
450 630 487 661 et
503 626 601 669 fove,
621 635 694 671 quo
715 625 750 660 in
771 624 872 661 saeci-

95 672 167 707 bus
188 672 316 708 mundi
339 679 448 709 natos
469 677 505 708 et
525 671 637 708 alitos
663 671 799 719 potiori
816 673 870 708 le-

95 719 244 755 vamine
264 720 446 766 perspicis
471 719 654 766 indigere.
675 720 729 756 Ab
762 719 870 756 initio

94 765 259 812 denique
271 767 529 804 renovationis
544 769 737 811 humanae,
752 767 871 804 omni-

96 814 166 850 bus
189 815 258 852 sub
279 818 386 852 tuum
403 814 623 862 praesidium
646 816 870 862 confugien-

951 244 1050 282 tibus
1072 246 1267 291 hucusque
1293 245 1529 286 succurristi,
1554 249 1593 282 et
1623 246 1735 282 idcir-

951 303 994 329 co
1010 303 1088 338 prae
1110 294 1209 329 omni
1232 297 1407 330 creatura
1425 292 1529 330 omni
1549 294 1659 330 laude
1676 293 1728 328 ‹li-

950 340 1133 387 gnissima
1156 341 1228 376 dici
1268 345 1306 377 ot
1325 352 1409 377 esse
1444 340 1628 378 meruisti.
1667 340 1734 378 Eia

951 398 1128 424 succurre
1163 388 1287 432 nobis,
1322 392 1359 425 et
1379 399 1532 425 oramus
1559 392 1600 425 ut
1632 389 1729 432 laus,

954 446 1066 481 quam
1091 446 1159 481 pcr
1176 440 1231 471 tot
1253 436 1379 472 secula
1397 436 1634 482 possedistis,
1649 447 1740 472 con-

949 485 1058 519 tiuua
1080 482 1146 519 tibi
1171 484 1282 519 duret
1305 483 1342 519 in
1368 484 1491 527 gratia
1529 486 1622 530 ipsa,
1661 494 1737 530 qua

950 530 1088 566 mundo
1101 530 1318 567 subvenisti.
1336 531 1415 567 Tibi
1435 532 1725 577 e1¹go‚D·i›mi11a,

947 579 1198 624 nosmetipsos
1219 580 1529 615 commendamus
1548 591 1555 623 ;
1580 585 1618 615 tu
1636 590 1723 625 pro-

948 636 1039 662 cura
1068 636 1114 661 ne
1147 636 1360 672 percamus.
1387 627 1500 662 El‘tice
1534 626 1653 672 potins
1688 630 1728 662 ut

948 673 1047 710 salus
1066 677 1197 709 nostra
1216 674 1262 709 ile
1282 673 1342 709 die
1363 673 1399 709 in
1416 673 1518 709 ‹liem
1541 673 1724 714 multipli-

947 724 1064 765 cetur,
1079 723 1114 756 et
1135 720 1227 757 Filio
1247 724 1310 757 tuo
1329 720 1490 756 Domino
1511 723 1603 757 ,lesu
1622 722 1728 757 Chri-

948 773 1020 813 sto,
1040 767 1118 805 vita
1136 768 1365 815 nostrajugi
1386 768 1587 805 devotione
1608 769 1726 804 fainu-

949 816 1046 853 letur
1069 827 1077 852 τ
1105 830 1123 848 n
1148 817 1229 853 liaec
1250 817 1458 852 Anselmus.

821 961 991 998 ORATIO

143 1089 242 1125 Deus
263 1087 374 1124 dator
391 1086 533 1134 gaudii,
555 1086 712 1133 largitor
726 1086 866 1131 solatii,
884 1085 1005 1122 luctus
1027 1086 1227 1132 relevator,
1248 1085 1424 1123 moeroris
1445 1086 1646 1134 effugator,
1674 1087 1738 1133 qui

94 1136 245 1173 beatam
265 1134 453 1181 virginem
477 1134 648 1179 Mariam,
682 1135 842 1170 Matrem
874 1137 993 1179 tuam,
1022 1133 1233 1180 majestatis
1260 1133 1469 1181 speculum,
1502 1135 1736 1179 Angelorum

94 1183 284 1227 solatium,
306 1186 380 1220 tuae
402 1181 579 1219 bonitatis
599 1181 816 1228 imaginem,
842 1186 980 1218 nostrae
1002 1181 1134 1217 salutis
1153 1181 1356 1228 originem,
1378 1182 1577 1229 multiplici
1593 1182 1731 1229 gaudio

94 1232 133 1268 in
153 1232 264 1268 terris
281 1234 319 1267 et
340 1230 379 1266 in
399 1229 503 1266 coelis
523 1229 724 1266 laetificasti
753 1241 762 1265 ε

791 1229 955 1265 concede
977 1228 1086 1272 milii,
1114 1229 1273 1275 supplici
1294 1235 1372 1274 tuo,
1393 1233 1433 1265 ut
1457 1230 1548 1276 quid
1571 1230 1620 1266 ad
1643 1240 1726 1266 eam

94 1279 201 1326 quasi
223 1279 271 1316 ad
297 1278 439 1314 fontem
460 1276 590 1324 gaudii
611 1276 651 1313 in
684 1276 879 1325 doloriqus
907 1277 1001 1313 meis
1034 1276 1264 1314 fiducialiter
1301 1287 1497 1313 recurrere
1521 1288 1723 1322 praesumo.

95 1327 238 1364 valeam
268 1327 384 1373 ipsius
404 1325 549 1362 meritis
570 1328 606 1361 et
624 1324 900 1361 intercessione
921 1325 1117 1371 praesentis
1148 1329 1185 1361 et
1208 1324 1378 1372 perpetui
1400 1325 1528 1371 gaudii
1552 1325 1729 1362 effectum

94 1375 248 1421 sentire,
274 1378 311 1410 et
330 1374 376 1410 ad
396 1373 489 1410 illud
510 1372 700 1409 ineffabile
722 1373 916 1419 gaudium,
945 1383 1018 1418 quo
1038 1377 1231 1419 assumpta
1252 1377 1377 1410 tecum
1401 1374 1540 1418 gaudet
1564 1372 1603 1408 in
1628 1372 1732 1408 coelis

96 1422 240 1459 fecliter
260 1422 472 1469 pervenire.
496 1422 630 1457 Amcu.

595 1652 837 1701 CAPUT

907 1653 1234 1702 LXXXVH

720 1818 769 1846 ΠΒ
789 1817 921 1846 FINALI
938 1817 1108 1847 JUDlCIO.

146 1971 159 1993 1
196 1956 342 1993 Fmffls
376 1966 501 1992 iumen
523 1965 810 1991 cmcumsrANnAE
840 1965 876 1990 m

95 2014 286 2040 GENERALI.
307 2021 354 2030 -—
375 2005 463 2039 Post
483 2002 678 2049 praedicta,
697 2012 780 2048 quae
797 2001 876 2048 jam

94 2052 282 2098 completa
302 2055 402 2095 sunt,
432 2054 550 2087 restat
567 2053 606 2087 ut
623 2050 670 2085 de
688 2048 794 2085 finali
812 2049 872 2094 J'u-

95 2099 207 2144 dicio,
227 2102 265 2135 et
290 2099 337 2135 de
357 2097 580 2144 quibusdam
602 2097 686 2134 aliis
708 2096 876 2132 nondum

97 2147 274 2194 impletis,
320 2145 463 2192 aliquid
501 2145 707 2182 videamus.
748 2143 876 2180 Finale

97 2195 223 2242 itaque
241 2193 428 2241 judicium
451 2193 625 2240 quaedam
652 2194 739 2229 sunt
770 2194 875 2243 ante-

96 2242 281 2287 cedentia,
315 2241 455 2278 scilieet
478 2253 486 2278 :
513 2251 626 2288 poena
652 2242 875 2287 purgatorii,

96 2290 271 2327 Ecclesiae
289 2289 484 2336 suffragia,
503 2293 540 2325 et
559 2287 779 2325 Antichristi
795 2296 877 2339 pcr-

96 2337 258 2383 secutio;
278 2338 450 2384 quaedam
466 2340 555 2373 sunt
569 2334 875 2378 concomitantia,

97 2385 238 2422 scilicet
260 2398 270 2421 :
291 2384 536 2431 conflagratio
559 2383 703 2427 mundi,
726 2387 762 2419 et
786 2392 877 2418 cor-

96 2443 231 2481 porum
252 2433 479 2470 resurrectio
498 2444 507 2477 ;
530 2436 567 2469 et
587 2431 762 2479 quaedam
790 2432 877 2482 sunt

98 2481 309 2528 sequentia,
339 2481 481 2517 scilicet
503 2491 511 2517 :
536 2490 644 2527 poena
666 2477 875 2522 infernalis,

98 2534 135 2566 et
155 2529 275 2576 gloria
296 2528 475 2569 coelestis.

147 2592 165 2614 2
208 2578 432 2614 Puncironu
467 2587 578 2613 POENAE
613 2587 655 2613 ET
697 2577 879 2613 Ecctnsm:

100 2637 354 2663 surrnAc1A.-—
377 2627 428 2662 De
444 2623 659 2671 purgatoriO
669 2624 878 2669 sciendum,

98 2674 200 2721 quod
234 2673 273 2709 in
305 2683 349 2710 eo
387 2673 525 2719 duplex
555 2682 668 2718 poena
689 2675 775 2708 est:
802 2682 880 2709 una

98 2722 240 2766 damni,
262 2721 309 2757 de
338 2720 506 2757 carentia
539 2719 676 2757 divinae
698 2719 878 2764 visionis3

98 2768 173 2805 alia
196 2779 345 2809 sensus,
369 2769 413 2805 de
432 2767 637 2804 afflictione
655 2767 792 2804 caloris
813 2772 879 2803 aut

100 2816 263 2864 trigoris,
286 2816 344 2852 vel
374 2826 493 2862 poeuae
516 2817 673 2853 alterius
690 2815 847 2862 generis
871 2826 879 2850 :

949 1957 986 1990 et
1007 1958 1190 2000 quantum
1209 1954 1256 1990 ad
1275 1957 1492 2001 utrumque,
1510 1953 1635 1991 minor
1656 1965 1732 2001 poe-

949 2011 998 2038 na
1017 2002 1240 2048 purgatorii,
1262 2002 1385 2049 major
1405 2006 1461 2040 est
1482 2013 1597 2048 quam
1618 2002 1732 2038 maxi-

949 2059 1011 2085 ma
1028 2059 1141 2095 poena
1154 2050 1268 2096 hujus
1285 2050 1429 2086 mundi.
1452 2050 1556 2086 Unde
1576 2051 1629 2086 ait
1647 2051 1732 2086 Ber-

948 2097 1088 2132 nardus
1105 2109 1115 2132 :
1130 2098 1239 2133 «Sola
1253 2097 1333 2134 dies
1351 2097 1561 2144 purgatorii
1581 2102 1733 2144 superat

947 2144 1145 2191 passiones
1166 2146 1403 2181 Sanctorum.
1429 2159 1446 2179 »
1468 2144 1576 2181 Ratio
1605 2149 1731 2182 autem

949 2193 1167 2228 acerbitatis
1180 2203 1302 2238 poenae
1320 2192 1532 2239 purgatorii
1553 2196 1609 2228 est
1628 2193 1700 2229 isla
1717 2204 1725 2228 :

950 2240 1052 2285 quia,
1073 2250 1157 2276 cum
1179 2242 1278 2277 Deus
1310 2240 1394 2287 plus
1434 2243 1578 2286 quaerat
1613 2250 1738 2276 emen-

949 2288 1052 2332 dam,
1075 2298 1188 2333 quam
1223 2298 1387 2334 poenam,
1425 2289 1510 2334 plus
1544 2288 1732 2334 ponderat

949 2335 987 2371 in
1008 2334 1234 2381 poenitentia
1259 2335 1438 2371 virtutem
1462 2336 1570 2371 bonae
1591 2335 1732 2371 volun-

949 2382 1050 2426 tatis,
1074 2393 1187 2429 quam
1209 2393 1362 2429 poenam
1378 2382 1612 2427 atl‘lictionis3
1631 2383 1731 2420 unde

950 2431 1032 2478 plus
1053 2430 1240 2476 ponderat
1252 2431 1349 2466 Deus
1368 2430 1555 2466 modicam
1579 2441 1731 2477 poenam

951 2477 1204 2515 voluntariam
1225 2477 1263 2513 in
1284 2479 1476 2524 praesenti.
1500 2488 1613 2524 quam
1634 2478 1731 2514 mul-

951 2530 1028 2563 tam
1050 2536 1126 2561 non
1166 2526 1218 2562 ita
1243 2526 1493 2570 voluntariam
1524 2524 1561 2561 in
1590 2526 1729 2570 futuro,

951 2574 1047 2610 sicut
1065 2574 1147 2620 plus
1170 2573 1267 2610 valet
1288 2572 1477 2610 modicum
1498 2573 1592 2617 auri,
1617 2584 1731 2619 quain

953 2622 1111 2658 multum
1146 2620 1302 2667 plumbi.
1321 2621 1440 2661 Unde.
1455 2622 1562 2668 juxta
1582 2622 1732 2666 Auyus-

952 2671 1084 2713 tinum,
1106 2679 1180 2705 una
1206 2672 1314 2716 gutta
1333 2679 1442 2715 aquae
1464 2671 1730 2716 lacrymarum,

952 2721 1098 2754 tuntum
1124 2716 1211 2752 facit
1230 2716 1290 2753 hic
1310 2727 1378 2764 pro
1403 2717 1578 2762 emenda,
1606 2727 1734 2762 quan—

956 2768 1035 2801 tum
1058 2763 1200 2800 faciunt
1223 2765 1354 2801 decem
1375 2764 1463 2801 anni
1485 2764 1523 2800 in
1544 2768 1732 2811 purgato-

958 2812 1025 2849 rio.
1050 2813 1093 2848 Et
1113 2816 1276 2859 oportet,
1297 2816 1336 2849 ut
1360 2812 1459 2859 quod
1484 2812 1533 2848 ibi
1552 2811 1679 2848 deficit
1697 2811 1734 2847 iu
