1924 3157
157 192 196 226 84

162 263 248 296 sunt
276 267 393 304 regno
422 257 694 296 Romanorum,
721 252 808 298 quia
835 252 930 298 quod
967 273 969 296 ὲ

162 306 351 343 habebant
374 313 448 338 non
475 301 759 344 intellexerunt3
793 303 828 335 ct
849 300 933 336 ideo
968 309 970 339 ι

163 352 263 399 quod
284 349 473 397 petierunt
494 351 732 393 acceperunt.
759 359 776 380 »
805 347 881 382 Hoc
901 346 932 381 i-
968 343 970 359 *

163 402 248 436 dem
269 397 383 434 etiam
403 396 502 431 sacto
524 395 687 430 clamant
709 393 826 430 nostri
845 404 935 440 pon·
968 416 971 441 3

166 447 286 483 titices
305 448 340 480 et
357 442 515 489 praelati‚
538 452 603 478 seu
621 440 752 485 curati,
767 440 829 486 qui
849 450 935 475 suas
968 463 971 477 .

167 491 346 530 ecclesias
365 489 596 525 dimittentes
616 488 790 534 ingerunt
809 498 845 522 sc
870 498 933 522 ne—

169 539 280 587 gotiis
309 536 581 583 temporalibus
608 534 854 588 principatus,
876 533 934 586 vel
969 551 971 580 3

169 586 291 633 regni.
317 586 389 620 Per
414 584 484 620 hoc
509 586 634 619 autem
660 586 795 617 lterum
815 581 934 633 Judaei
970 611 971 616 ,

170 634 345 670 timorem
370 630 489 667 Pilato
508 629 744 676 ingerebant.
773 630 815 664 Ut
835 638 934 663 cmm

168 680 259 718 dicit
283 680 527 724 Anqustinus‚
551 675 784 723 apertissime
807 679 937 710 contra

169 730 355 766 Caesarem
381 724 510 761 venire
528 723 733 765 videretur,
755 722 783 757 si
806 731 934 767 regem

168 787 208 812 se
226 785 303 812 non
327 773 468 809 habere
500 770 572 807 nisi
605 771 792 821 Caesarcm
819 768 934 814 proti-

166 822 346 863 tentibus,
366 820 481 856 alium
502 828 631 864 regem
649 817 762 856 vellet
778 825 935 860 ingere-

164 881 220 914 re,
241 864 716 916 dimittendoimpunitum,
731 873 841 908 quem
853 872 938 914 pro·
972 887 974 898 .

164 921 248 964 pter
268 917 338 951 hos
371 924 488 950 ausus
514 912 549 949 ei
580 910 818 947 tradiderant
839 919 936 944 occl-

165 963 349 1001 ciendum.

214 1025 255 1057 27
295 1011 515 1046 Docuussxm
541 1016 611 1042 nco
648 1016 690 1039 Ex
717 1014 940 1039 Aonccnoxss
974 1010 977 1031 ‘t

164 1059 309 1095 Cnmsn
329 1068 373 1092 AD
394 1064 583 1096 mmm-AL,
605 1063 713 1088 ACTL‘s
735 1061 940 1102 como-mm-

165 1117 281 1142 TIONIS
302 1115 343 1139 ET
365 1113 507 1138 oamo.
535 1121 580 1126 —
603 1100 655 1134 Ex
686 1109 758 1144 quo
785 1097 940 1133 articulo

166 1151 403 1189 adductionis
425 1147 559 1185 Christi
595 1146 643 1182 ad
675 1144 841 1181 tribunal
874 1145 939 1179 ha-

167 1190 942 1236 benturduodocumenta.Primum,quod

167 1257 236 1283 nos
252 1246 430 1281 debemus
446 1241 611 1278 tribunal
627 1239 665 1275 in
679 1243 803 1275 mente
817 1242 944 1290 nost-ra

167 1294 410 1335 constituere,
431 1292 469 1326 et
487 1288 538 1324 ibi
552 1286 693 1333 judicio
713 1290 852 1331 astare,
877 1296 944 1320 Sic-

168 1344 208 1377 ut
233 1338 402 1377 Christus
428 1337 531 1372 stetit
556 1338 642 1370 ante
665 1332 829 1369 tribunal
855 1343 941 1384 prou·-
978 1352 980 1365 !

166 1392 249 1434 pter
271 1397 351 1429 nos,
374 1387 413 1420 ut
439 1393 506 1418 nos
533 1380 742 1417 districtum
764 1380 829 1414 Dei
847 1379 943 1431 ιῘιΙὼ-

166 1436 265 1471 cium
286 1430 472 1479 possimus
497 1428 701 1470 declinare,
727 1427 831 1472 juxta
852 1426 944 1461 illud

166 1479 336 1528 Apostoli
358 1490 366 1515 :
390 1479 432 1514 Si
457 1477 694 1520 nosmetipsos
716 1473 945 1518 dijudicare-

164 1539 258 1570 mus,
283 1537 354 1562 non
377 1526 505 1569 utique
522 1523 788 1567 judicaremur.
811 1540 855 1546 —
879 1520 943 1556 Se-

166 1575 328 1612 cundum
349 1575 417 1615 est,
443 1569 545 1617 quod
580 1574 748 1614 tempore
782 1566 947 1602 adversi-

164 1624 253 1659 tatis
267 1618 453 1667 judicium
472 1616 537 1653 Dei
552 1626 636 1652 cum
655 1614 840 1661 patientia
860 1614 946 1649 sub·
978 1648 979 1656 ,

165 1679 309 1708 eamus.
330 1666 425 1702 sicut
440 1662 619 1700 Dominus
637 1665 767 1697 noster
789 1671 856 1707 pro
874 1671 943 1696 no·
978 1667 979 1691 i

164 1717 222 1754 bis
240 1716 373 1752 ductus
394 1716 481 1749 ante
502 1709 670 1746 tribunal
686 1707 850 1744 hominis
872 1708 944 1743 ob·
978 1708 979 1745 3

165 1762 315 1804 mutuit,
339 1765 375 1796 et
394 1770 470 1796 non
489 1756 639 1804 aperuit
660 1767 699 1792 os
715 1765 838 1799 suum,
859 1765 943 1790 cum
977 1763 979 1786 ι

167 1809 269 1848 omni
285 1806 468 1855 patientia
488 1804 638 1841 subiens
654 1802 853 1849 judicium.
870 1802 944 1837 Nos

167 1857 305 1905 quippe
336 1858 508 1900 tempore
542 1849 794 1894 adversitatis,
836 1849 943 1894 quasi

168 1908 255 1942 ante
275 1901 440 1939 tribunal
467 1898 534 1935 Dei
558 1897 738 1941 sistimur,
767 1896 864 1932 unde
892 1897 944 1931 A·
978 1929 979 1936 ,

165 1950 348 1999 postolus,
364 1952 446 1994 post
457 1947 571 1982 verba
586 1944 842 1991 praeallegata,
857 1943 942 1979 sub·
978 1963 980 1978 ;

167 1999 251 2035 dit:
282 1998 368 2034 Cum
395 1998 514 2030 autem
543 1993 772 2037 judicamur,
802 1988 943 2026 scilicet

166 2043 438 2092 temporalibus
457 2040 593 2087 poenis,
614 2051 636 2075 α
655 2040 805 2074 Domino
826 2039 944 2073 corri-

165 2095 303 2139 pimur,
325 2089 428 2135 quia,
457 2092 495 2124 ut
533 2086 623 2123 dicit
659 2086 800 2128 Glossa,
831 2095 944 2131 poena

167 2141 247 2187 ipsa
276 2137 385 2174 nobis
413 2133 568 2182 propria
594 2136 649 2169 est
686 2132 874 2178 purgatio,
903 2135 943 2185 ug

166 2199 236 2223 non
253 2196 331 2222 cum
353 2186 416 2219 hoc
431 2182 562 2218 mundo
580 2182 809 2216 damnemur.
831 2180 941 2223 Quasl

167 2235 309 2271 diceret
331 2243 339 2266 :
362 2231 449 2267 Ideo
469 2232 526 2265 est
543 2229 684 2264 bonum
699 2227 765 2279 ‘hic
780 2237 853 2279 'per
874 2237 942 2272 pu-

166 2281 349 2317 nitionem
365 2276 612 2323 temporalem
626 2274 788 2320 Judlcarl
808 2284 837 2326 a·
850 2274 940 2319 Deo,

166 2334 206 2365 ut
229 2327 290 2364 hic
310 2323 473 2370 correpti
492 2333 568 2359 non
588 2322 812 2358 damnemur
828 2321 940 2366 inju-

164 2374 262 2412 dicio
296 2373 436 2409 suturo.
470 2390 516 2397 -
549 2370 604 2405 Ad
631 2368 941 2404 conformandum

165 2434 204 2459 se
223 2421 309 2458 huic
330 2418 504 2460 articulo,
527 2416 699 2452 attendat
734 2416 846 2450 homo
865 2415 940 2451 do-

163 2472 337 2506 cumenta
353 2467 431 2512 jam
447 2463 653 2511 praemissa,
669 2466 705 2498 et
716 2466 797 2498 oret
815 2465 939 2498 mente

161 2517 322 2552 devota:
344 2515 443 2555 Jesu,
466 2513 531 2556 qui
552 2514 635 2545 ante
655 2510 821 2545 tribunal
841 2510 940 2544 Pila-

162 2565 192 2599 ti
213 2562 363 2604 adduci,
386 2564 419 2595 et
439 2561 478 2593 in
499 2557 642 2602 judicio
668 2558 752 2592 sisti
773 2557 938 2601 coluisti,

163 2611 212 2646 cla
230 2610 322 2645 mihi
332 2610 416 2643 ante
431 2605 595 2641 tribunal
612 2605 741 2638 mentis
755 2614 840 2639 meae
854 2614 938 2638 con-

122 2657 347 2698 ‘eamdem
370 2657 403 2689 ct
424 2655 602 2696 meipsum
625 2651 669 2685 de
700 2651 818 2695 culpis
847 2652 938 2685 meis

119 2698 125 2731 ’ἕ
167 2703 397 2741 conscientiae
417 2700 624 2735 testimonio
645 2698 828 2733 districtis
835 2697 938 2742 judi-

168 2763 271 2793 care,
289 2749 475 2795 judicium
497 2755 639 2791 quoque
664 2748 765 2780 tuum
791 2746 831 2780 in
862 2744 937 2779 ad-
974 2746 975 2754 ¹

165 2800 278 2836 versis
295 2801 370 2833 tam
380 2795 562 2843 patienter
577 2794 634 2828 hic
648 2792 782 2838 subire,
798 2795 838 2827 ut
854 2794 938 2827 ante
973 2791 976 2825 l

621 184 822 218 SECUNDAE
862 182 1016 217 t‘AltTls
1053 182 1190 216 Capti
1233 182 1324 215 [ΧΗ

1009 255 1109 287 tuum
1131 251 1308 289 tribunal.
1331 249 1526 294 injudicio
1545 256 1704 287 ems-eino
1727 263 1784 287 υα-

1008 300 1100 334 leam
1124 308 1270 333 securus
1290 300 1426 332 astare.

1059 349 1100 381 :28
1123 346 1297 381 Cunis‘rirs
1318 355 1509 380 nmmum
1526 356 1570 380 An
1588 356 1791 382 caucasi.—

1010 393 1081 430 Sed
1109 393 1248 427 Pilatus
1272 390 1407 426 timore
1432 401 1515 427 mox
1538 391 1729 436 vincitur;
1751 396 1785 428 et

1009 451 1031 476 a
1056 438 1207 474 tramite
1234 437 1402 473 veritatis
1421 441 1456 473 et
1479 438 1634 483 justitiae
1658 439 1786 475 detor-

1009 490 1158 531 quetur.
1187 487 1283 521 Tunc
1309 496 1405 528 erqo,
1433 488 1585 530 petente
1609 489 1688 521 tota
1711 487 1786 522 Ju-

1009 534 1177 569 daeorum
1205 532 1443 568 multitudine
1466 532 1618 568 vocibus
1639 532 1787 578 magnis

1011 584 1052 616 ut
1069 580 1367 626 crucifigeretur,
1386 578 1536 614 tandem
1559 578 1672 615 miser
1691 589 1786 625 prae-

1011 638 1071 663 ses
1087 626 1224 663 Pilatus
1240 631 1363 662 motus
1377 625 1512 661 timore
1530 625 1784 672 Imperatoris,

1011 678 1048 710 et
1085 674 1213 710 favore
1243 672 1389 710 Judaici
1424 672 1568 719 populi,
1608 673 1667 708 cui
1705 672 1786 718 ipse

1010 724 1185 768 praeerat,
1205 724 1242 757 et
1262 731 1283 757 a
1303 719 1436 766 quibus
1457 718 1635 765 pecunias
1651 730 1783 766 Spera·

1012 770 1076 804 bat
1095 768 1220 804 levare
1240 771 1369 804 contra
1384 766 1581 813 judicium,
1597 770 1635 803 et
1651 771 1786 803 contra

1013 814 1295 857 conscientiam,
1336 825 1410 860 qua
1445 813 1635 850 Christum
1675 815 1785 850 inno-

1014 866 1159 897 centem
1175 864 1346 905 noverat,
1364 865 1399 897 et
1414 860 1452 896 in
1471 871 1544 906 quo
1556 861 1658 897 nulla
1674 872 1786 898 causa

973 908 975 927 ³
1014 911 1108 952 erat,
1129 909 1232 944 dedit
1242 907 1468 945 sententiam
1483 907 1785 944 crudelissimam

1015 955 1061 992 de
1082 958 1203 991 morte
1226 955 1456 999 innocentis,
1489 958 1526 990 et
1544 965 1611 1000 per
1631 958 1786 992 senten-

1015 1002 1106 1038 tiam
1133 1001 1382 1045 definitivam,
1419 1002 1577 1037 tradidit
1602 1004 1653 1038 eis
1678 1004 1785 1038 illum

1016 1054 1058 1086 ut
1075 1051 1359 1094 crucifiqeretur,
1375 1048 1516 1092 judicio
1537 1054 1574 1085 et.
1598 1052 1788 1095 potestate

1020 1096 1206 1133 Praesidis.
1229 1099 1306 1132 Non
1348 1095 1440 1131 dixit
1474 1095 1716 1142 Evangelista
1746 1100 1787 1132 ut

1018 1143 1284 1189 crucifigerent
1308 1154 1392 1179 eum
1412 1155 1420 1187 ;
1443 1143 1509 1179 sed
1534 1147 1575 1178 ut
1593 1145 1788 1190 crucifiqe-

1017 1195 1130 1234 retur,
1168 1201 1236 1236 per
1269 1190 1445 1226 Praesidis
1477 1189 1676 1235 judicium.
1716 1191 1789 1227 Sed

1020 1239 1103 1274 ideo
1132 1237 1206 1273 illis
1236 1237 1417 1273 traditum
1439 1236 1544 1282 dixit,
1566 1242 1606 1272 nt
1623 1248 1690 1274 eos
1714 1237 1786 1274 cri-

1020 1285 1121 1321 mine
1148 1284 1372 1331 implicatos,
1400 1295 1421 1320 a
1451 1295 1526 1330 quo
1559 1283 1674 1320 alieni
1709 1295 1788 1321 esse

1021 1333 1268 1375 conabantur,
1306 1331 1544 1376 ostenderet;
1576 1342 1652 1368 non
1685 1332 1788 1369 enim

1023 1379 1163 1415 Pilatus
1186 1380 1255 1415 hoc
1276 1380 1430 1422 taceret,
1453 1378 1525 1414 nisi
1548 1383 1588 1414 ut
1619 1378 1657 1415 id
1686 1380 1787 1425 quod

1021 1437 1085 1462 eos
1104 1436 1239 1472 cupere
1260 1426 1437 1462 cernebat
1451 1425 1638 1471 impleret.
1658 1427 1788 1472 Itaque

1021 1473 1164 1508 Pilatus
1197 1472 1420 1509 ambitiosus
1451 1476 1584 1508 nolens
1613 1473 1788 1510 amittere

1019 1519 1286 1566 principatum,
1326 1530 1555 1566 quamquam
1593 1520 1788 1566 pronunti-

1019 1571 1121 1603 asset
1141 1568 1329 1604 Christum
1362 1568 1615 1611 innocentem,
1649 1578 1694 1604 ac
1722 1579 1789 1615 per

1020 1624 1105 1650 eum
1127 1613 1391 1650 dimittendum
1410 1625 1418 1657 ;
1439 1614 1570 1650 volens
1592 1617 1719 1651 tamen
1741 1616 1787 1651 ad

1021 1660 1327 1706 complacendum
1343 1660 1570 1697 clamoribus
1584 1661 1711 1708 populi
1729 1664 1790 1699 Ju-

1021 1707 1118 1744 daici
1131 1708 1362 1752 satisfacere,
1373 1707 1409 1743 id
1420 1710 1475 1743 est
1484 1719 1612 1744 eorum
1623 1709 1791 1746 volunta·

1020 1758 1096 1791 tem
1111 1756 1248 1799 facere,
1262 1758 1298 1791 et
1315 1765 1390 1791 non
1406 1755 1505 1800 quod
1521 1758 1600 1791 erat
1610 1756 1790 1802 placitum

1021 1803 1097 1838 Deo
1119 1806 1156 1838 et
1171 1801 1352 1848 justitiae3
1374 1801 1589 1848 timensque
1611 1814 1659 1840 ne
1680 1814 1790 1840 accu-

1021 1855 1169 1885 saretur
1194 1849 1240 1885 de
1264 1849 1422 1885 Caesaris
1452 1849 1674 1896 rebellione,
1702 1861 1790 1888 cum

1020 1896 1090 1932 hoc
1118 1896 1263 1932 nullum
1291 1895 1484 1941 suspicans
1510 1896 1732 1943 periculum,
1758 1898 1789 1934 si

1020 1943 1260 1979 innocentem
1288 1954 1490 1989 pauperem
1514 1944 1625 1980 morti
1645 1945 1790 1991 adjudi-

1020 1996 1137 2034 caret,
1158 1990 1319 2026 maxime
1341 1990 1428 2036 quia
1451 1991 1705 2028 contradictor
1723 1992 1790 2029 ali—

1019 2037 1103 2083 quis
1121 2048 1196 2074 non
1215 2040 1434 2084 apparebat,
1460 2038 1617 2084 protulit
1635 2044 1787 2076 senten-

1018 2085 1125 2128 tiam,
1157 2089 1193 2120 et
1216 2084 1400 2131 Judicavit
1437 2096 1524 2121 eum
1556 2086 1603 2122 ob
1637 2086 1788 2133 culpam

1016 2131 1181 2168 affectati
1219 2131 1327 2177 regni
1367 2142 1450 2168 esse
1471 2132 1785 2179 crucifigendum.

1018 2178 1114 2222 Quia
1134 2179 1233 2215 enim
1252 2179 1372 2215 Judaei
1398 2180 1585 2216 Caesarem
1606 2191 1734 2227 regem
1753 2186 1791 2219 et

1017 2225 1213 2262 dominum
1238 2225 1396 2271 prot'essi
1413 2230 1512 2271 sunt,
1533 2226 1663 2264 videns
1690 2229 1789 2275 quod

1018 2272 1071 2309 sic
1089 2284 1128 2309 se
1143 2272 1320 2319 potestati
1342 2275 1597 2310 Romanorum
1616 2275 1791 2322 subjece-

1015 2324 1118 2361 runt,
1137 2320 1400 2356 condemnavit
1412 2322 1555 2365 Jesum,
1567 2321 1673 2367 quasi
1687 2334 1790 2359 usur-

1015 2371 1167 2414 pantem
1193 2367 1352 2403 Caesaris
1377 2372 1628 2414 potestatem3
1651 2371 1689 2405 et
1713 2373 1790 2407 tra-

1016 2413 1111 2450 didit
1125 2413 1231 2450 illum
1246 2414 1428 2450 voluntati
1444 2415 1626 2461 ipsorum,
1644 2416 1691 2453 ad
1708 2427 1790 2454 cru·

1016 2461 1257 2507 citigendum.
1279 2462 1369 2504 Quae
1388 2466 1513 2498 autem
1534 2462 1649 2499 fuerit
1669 2464 1792 2501 forma

1015 2509 1096 2554 eJ‘us
1127 2509 1348 2554 sententiae,
1380 2519 1455 2545 non
1486 2513 1542 2545 est
1573 2520 1791 2557 expressum

1015 2556 1061 2591 ab
1086 2555 1358 2600 Evangelistis;
1384 2556 1422 2591 in
1446 2557 1639 2602 evangelio
1663 2561 1790 2594 tamen

1014 2602 1206 2638 Nicodemi
1218 2602 1408 2649 scribitur,
1426 2604 1527 2649 quod
1544 2603 1685 2640 Pilatus
1701 2615 1788 2651 pro-

1014 2648 1143 2685 tulerit
1174 2651 1401 2686 sententiam
1439 2651 1507 2687 sub
1543 2650 1602 2687 his
1627 2652 1786 2688 verbis:

1016 2696 1115 2733 Gens
1129 2700 1194 2733 tua
1213 2698 1472 2743 comprobavit
1486 2701 1521 2733 te
1540 2707 1681 2743 regern,
1697 2704 1784 2744 pro-

1015 2746 1144 2789 pterea
1159 2744 1336 2790 praecipio
1353 2748 1390 2781 te
1400 2743 1563 2791 primum
1584 2745 1784 2792 flagellari,

1014 2790 1222 2827 secundum
1242 2791 1455 2839 principum
1476 2794 1635 2837 statuta3
1653 2792 1788 2831 deinde
