1924 3157
23 2608 47 2652 Γ,

2 2645 67 2719 μή

499 135 551 169 nt:
589 136 844 174 MA't'tTTtNts,
887 135 926 168 ΙΝ
966 135 1174 169 ΡΑὸΞΙυΝΕ
1216 135 1385 169 huttlxl.
1722 135 1759 168 ΖΠ

126 201 266 239 tionem
291 214 299 239 :
334 207 372 240 ut
407 204 520 240 homo
560 205 698 242 habeat
735 206 903 241 animum

123 254 375 297 praeparatum
394 252 441 288 ad
462 252 541 288 haec
562 253 746 296 facienda,
767 252 828 289 ubi
848 252 902 287 vi-

124 299 220 334 derit
238 298 307 334 hoc
324 299 498 345 expedire
514 300 562 336 ad
583 302 643 336 Dei
662 301 843 336 honorem
867 303 902 336 et

123 344 299 382 Ecclesiae
312 346 533 391 utilitatem3
551 347 645 384 alias
664 351 789 384 autem
808 358 898 384 uon.

122 391 170 428 Et
192 393 262 429 hoc
292 395 473 430 Dominus
498 395 677 439 servavit,
699 395 762 441 qui
789 406 900 442 para-

124 442 184 476 tus
199 444 278 476 erat
297 441 386 478 dare
405 442 516 478 aliam
535 442 739 485 maxillam,
756 442 785 478 si
807 453 900 488 opus

122 486 269 531 suisset,
293 490 512 533 percutienti
528 501 536 534 ;
555 491 647 536 quia
675 493 794 526 totum
816 501 899 525 cor-
932 515 935 527 .

123 544 192 581 pus
212 546 319 572 suum
341 537 461 583 poenis
476 536 900 584 acerbissimispraebuit
932 534 934 546 ²

124 586 161 635 et
197 583 390 620 occisioni.
421 586 498 620 lino
525 584 728 630 aliquando
750 584 899 630 expedit
932 609 934 630 ;

123 629 392 675 injuriantibus
406 632 647 678 respondere,
663 632 709 667 ad
729 631 897 677 ipsorum
932 633 934 667 ἶ

124 680 162 730 et
183 677 343 713 aliorum
373 678 674 721 instructionem,
699 678 791 715 sicut
813 678 897 714 l'ccit
932 706 933 712 ,

125 723 184 760 hic
205 725 390 770 Christus,
415 729 451 762 et
469 726 561 762 utin
583 727 737 762 Actibus
762 726 898 771 legitur
931 727 934 749 ²

127 771 286 824 Paulus;
308 777 344 809 et
364 773 568 819 aliquando
589 773 702 810 etiam
726 776 821 809 tactu
843 785 899 810 rc-

124 823 271 864 sistere,
295 831 340 856 ne
362 820 473 857 detur
494 821 640 857 occasio
661 821 795 866 agendi
819 832 897 857 ma-

124 866 172 919 le.
202 867 261 903 Sic
298 879 386 914 crgo
414 868 604 905 excusatio
638 868 801 912 Domini,
826 880 898 914 qua

124 924 176 967 sie
192 916 398 961 respondit,
415 916 518 952 utilis
538 916 585 952 ad
609 916 897 952 instructionem

123 960 204 997 suit.
228 963 271 998 Et
299 963 424 999 multis
447 963 529 999 aliis
553 963 725 1000 convitiis
758 963 898 1000 ibidem

105 998 219 1045 ¹sorte
237 1021 322 1046 cum
337 1010 557 1055 affecerunt,
571 1011 616 1048 de
636 1011 769 1058 quibus
781 1013 898 1047 Evan-

122 1056 266 1104 gelistae
288 1061 427 1094 tacent.
675 1062 692 1067 '

108 1110 116 1119 ‘
169 1105 299 1141 5TR1A
320 1118 531 1143 nocuunxm
573 1119 615 1141 nx
639 1118 898 1143 ALArizAmen
929 1147 931 1160 Ι

124 1153 268 1198 Donum,
294 1166 402 1191 Aeros
426 1166 733 1190 coxronmrioxis
751 1167 790 1190 ET
807 1167 897 1190 om-

121 1211 192 1236 Tio.
213 1221 258 1226 —
284 1203 331 1237 Ex
355 1203 424 1239 hoc
451 1202 609 1238 articulo
635 1202 895 1249 alapizationis

122 1248 308 1285 habentur
338 1250 411 1286 tria
447 1250 689 1286 documenta.
728 1249 896 1286 Primum

120 1299 191 1340 est,
210 1299 298 1342 quia
316 1297 488 1334 Christus
506 1308 574 1344 pro
593 1297 703 1334 nobis
717 1297 896 1344 alapizari

120 1343 250 1386 voluit,
275 1349 313 1381 ut
336 1356 402 1382 nos
422 1355 490 1382 ora
517 1349 647 1382 nostra
677 1356 896 1392 compesca-

121 1401 217 1435 muS‚
239 1403 285 1428 ne
308 1394 397 1439 quid
424 1396 557 1429 contra
580 1392 748 1429 divinum
778 1395 896 1429 hono-

121 1449 200 1475 rem
216 1439 434 1486 loquamur;
449 1445 485 1477 et
500 1440 629 1485 etiam,
645 1444 683 1477 ut
694 1441 741 1476 ad
756 1441 896 1477 bonum

120 1486 348 1533 loquendum
371 1489 428 1524 vel
461 1489 650 1534 agendum
677 1488 895 1531 excitemur,

120 1533 216 1571 sicut
238 1535 443 1582 aliquando
461 1537 597 1582 aliquis
613 1535 834 1582 percutitur,
856 1539 897 1572 ut

120 1592 142 1618 a
178 1586 330 1630 torpore
365 1584 558 1620 excitetur.
599 1603 642 1609 —
681 1583 897 1620 Secundum

120 1635 190 1675 est,
213 1636 251 1666 ut
269 1635 305 1667 et
332 1641 400 1667 nus
421 1631 611 1668 discamus
632 1631 670 1666 in
689 1630 839 1676 injuriis
860 1634 896 1666 et

120 1678 356 1714 contumeliis
387 1678 494 1715 nobis
525 1678 638 1714 illatis
670 1677 894 1724 patientiam

120 1726 272 1765 habere.
312 1725 520 1762 imitatione
551 1725 713 1770 Domini,
753 1726 815 1772 qui
856 1725 894 1761 in

119 1774 188 1810 h-ie
211 1773 424 1820 specialiter
439 1773 650 1820 exemplum
667 1784 813 1820 magnae
830 1783 894 1819 pa—

121 1822 261 1858 tientia:
286 1821 460 1862 dignatus
499 1828 555 1858 est
579 1821 687 1857 nobis
709 1822 891 1866 praebere.

119 1870 161 1906 Et
176 1869 272 1905 sicut
295 1870 464 1906 Christus
484 1869 616 1906 eadem
637 1873 745 1905 nocte
762 1879 894 1904 omnes

118 1917 311 1953 illusiones
332 1922 369 1953 et
396 1917 658 1960 verecundia&
685 1917 731 1952 ab
754 1915 893 1962 iniquis

117 1964 187 2001 sibi
221 1967 349 2009 tactas,
387 1965 575 2011 patienter
606 1964 802 2002 sustinuit:
841 1965 894 2000 sie

116 2012 230 2048 homo
261 2012 509 2049 contumelias
541 2016 580 2048 et
609 2011 828 2058 opprobria,
851 2022 894 2047 ac

119 2064 251 2096 cuncta
271 2061 371 2096 mala
391 2059 429 2096 in
450 2059 586 2104 verbis,
610 2070 676 2096 seu
701 2058 824 2103 sactis,
846 2059 893 2095 ab

99 2107 345 2158 yimportunis
365 2107 581 2144 huminibus
605 2107 674 2143 sibi
698 2106 803 2142 illata
826 2117 893 2151 pa-

98 2176 100 2179 ·
117 2155 254 2192 tienter
272 2158 367 2192 t'erat
386 2166 516 2203 amore
533 2154 589 2191 sui
614 2153 892 2201 Rdedeniptods,

116 2199 255 2239 §fmilia
271 2209 308 2239 et
320 2202 436 2239 multo
451 2202 595 2249 majora
607 2206 761 2249 propter
773 2201 893 2247 ipsum

100 2250 306 2297 ‘'patientis.
327 2271 371 2277 —
393 2250 560 2287 Tertium
586 2254 657 2294 est,
680 2251 779 2295 quod
800 2259 892 2285 con-

113 2297 195 2334 silia
226 2298 450 2343 Evangelica
476 2309 551 2334 non
575 2308 724 2343 semper
745 2300 894 2344 oportet

113 2356 263 2382 servare
298 2346 345 2381 ad
381 2346 559 2389 litteram,
596 2345 663 2381 sed
690 2344 892 2391 aliquando

115 2393 321 2430 secundum
342 2393 460 2429 animi
481 2391 816 2440 praeparationem,
858 2395 894 2428 et

117 2442 277 2477 maxime
310 2440 371 2477 ubi
396 2442 440 2477 de
462 2441 534 2476 hue
555 2451 598 2477 ex
628 2439 733 2476 sactis
755 2439 893 2476 Christi

118 2492 155 2525 et
183 2489 407 2524 Sanctorum
437 2487 748 2524 informationem
778 2487 893 2523 habe-

117 2535 893 2573 musetaucioritatem,—Adcont'orman-

117 2583 207 2620 dum
228 2595 266 2620 se
289 2584 373 2620 huic
388 2581 757 2630 articulum,poterit
778 2583 891 2618 homo

117 2630 340 2678 sibimetipsi
366 2632 454 2667 dare
487 2631 636 2677 alapam
660 2630 894 2666 moderatam

116 2679 164 2715 ad
190 2678 541 2726 repraesentandum
567 2678 715 2724 alapam
743 2677 893 2720 Christi,

79 2733 83 2775 l
116 2736 185 2773 pro
209 2728 384 2763 omnibus
409 2725 534 2762 verbis
561 2725 638 2761 suis
665 2724 810 2770 otiosis,
836 2724 894 2761 vel

77 2782 80 2793 ⁴
118 2773 232 2810 etiam
263 2774 389 2821 pravis
418 2777 453 2809 et
481 2772 686 2816 mendosis,
710 2776 746 2809 et
769 2783 893 2816 orare,

983 204 1115 240 dicens
1136 216 1144 240 :
1167 207 1264 245 Jesu,
1294 206 1359 251 qui
1385 203 1430 239 ab
1454 204 1570 239 Anna·
1590 205 1759 240 ministro

979 252 1069 287 cmiii
1089 254 1200 298 alapa
1224 253 1388 293 coluisti,
1417 251 1466 286 du
1486 252 1592 292 mihi,
1622 262 1757 297 quaeso,

976 301 1138 343 qratiam
1170 304 1283 340 tuum,
1308 310 1388 345 quse
1413 309 1468 334 me
1504 310 1526 334 a
1562 302 1626 334 tua
1647 299 1759 334 laude

976 358 1175 393 nuinqzcum
1202 358 1339 381 cessure
1361 348 1496 391 faciut,
1520 350 1553 382 ct
1573 346 1620 382 ab
1644 347 1758 382 otioso

976 405 1138 430 sermone
1159 399 1373 439 coinpcsmt.

1023 445 1042 485 fi
1067 443 1183 478 Fama
1201 454 1414 477 'rt-:s‘stnoxrx
1431 453 1567 477 izox'rnA
1588 443 1759 478 Dostixcn

975 501 1091 525 conlui
1125 491 1261 525 CAirnA
1297 501 1467 524 ruuntTA.
1506 510 1551 516 —
1575 491 1622 524 Et
1658 491 1760 524 misit

974 547 1064 578 enm,
1100 539 1228 573 Jesum
1256 535 1398 571 seilicet
1423 538 1552 571 Annus
1585 538 1757 581 limitum,

973 584 1077 629 quasi
1104 594 1210 620 reum
1232 587 1268 619 et
1287 586 1407 618 morte
1430 583 1601 628 dignum,
1624 587 1661 619 et
1677 584 1757 628 jam

972 642 1099 667 coram
1122 641 1161 667 se
1183 632 1493 674 condemnatum,
1511 631 1559 665 ad
1578 632 1758 676 Guipluim

971 680 1194 724 Pontificem,
1229 680 1317 724 quia
1347 677 1485 713 Christi
1523 677 1756 713 examinatio

971 725 1232 772 principaliter
1273 725 1488 771 pertinebat
1530 725 1577 759 ad
1616 725 1755 770 ipsum,

972 774 1036 809 ubi
1055 784 1186 809 omncs
1215 773 1447 816 sacerdotes,
1471 771 1507 807 id
1535 776 1592 808 est
1621 772 1756 818 princi-

974 832 1037 867 pes
1058 821 1312 863 sacerdotum,
1336 824 1373 855 et
1393 820 1544 863 Scribae,
1565 819 1600 854 inl
1617 823 1674 855 cst
1693 821 1756 854 Le-

973 868 1160 914 gisperiti,
1190 872 1223 904 et
1261 869 1433 906 seniores.
1463 868 1499 902 nt
1529 870 1585 902 est
1607 866 1757 912 judices

974 916 1172 959 ordinarii,
1195 918 1435 951 convenerunt
1466 914 1512 950 ad
1534 913 1754 950 examinan-

974 963 1061 999 dum
1086 963 1289 1007 Christum,
1311 966 1348 998 et
1365 961 1626 1008 judicandum,
1653 967 1687 997 et
1708 962 1753 998 asl

974 1012 1213 1047 tractandum
1232 1011 1277 1046 ‹le
1298 1009 1417 1056 ipsius
1435 1008 1754 1045 condemnatione

972 1062 1009 1094 et
1028 1062 1161 1094 morte.
1183 1059 1274 1094 Cum
1298 1061 1424 1093 autem
1453 1056 1632 1092 Dominus
1663 1067 1757 1102 prze-

972 1110 1142 1142 sentatur
1154 1105 1311 1149 concilio
1326 1103 1612 1149 malignantium
1628 1104 1757 1139 adver-

972 1164 1052 1189 sum
1075 1164 1175 1197 eum,
1198 1152 1251 1188 illi
1273 1151 1377 1198 quasi
1399 1152 1457 1188 leo
1482 1152 1537 1187 vel
1554 1151 1686 1195 victor,
1712 1162 1754 1187 ex

970 1201 1122 1245 sultzmt,
1142 1206 1251 1247 capta
1275 1199 1415 1246 praeda.
1433 1201 1534 1235 Bene
1556 1202 1663 1245 putes
1683 1209 1754 1234 co-

972 1248 1093 1296 gitare
1117 1259 1230 1295 quam
1248 1247 1346 1283 male
1363 1258 1448 1282 eum
1462 1251 1700 1293 receperunt,
1718 1250 1755 1282 et

973 1296 1160 1342 quomodo
1184 1295 1265 1331 sine
1292 1296 1438 1331 honore
1460 1294 1555 1330 sorte
1590 1294 1627 1329 in
1654 1297 1755 1330 terra

973 1343 1098 1380 viliter
1121 1354 1248 1379 curam
1270 1342 1360 1389 ipsis
1397 1341 1530 1378 sedere
1567 1341 1752 1377 fecerunt.

972 1393 1100 1427 Petrus
1123 1395 1243 1427 autem
1262 1390 1482 1435 sequebatur
1504 1399 1598 1433 eum,
1620 1399 1662 1425 ex
1685 1390 1753 1424 de-

972 1438 1122 1475 votione
1147 1442 1183 1474 et
1211 1448 1354 1481 amore,
1378 1436 1549 1483 quamvis
1579 1447 1601 1472 α
1631 1438 1751 1481 lonae,

974 1490 1127 1532 proptor
1146 1485 1320 1521 timorem
1334 1496 1342 1528 ;
1356 1494 1470 1530 quem
1491 1483 1591 1519 enim
1615 1483 1752 1520 caritas

972 1535 1160 1578 trahebat,
1176 1532 1290 1569 timor
1310 1532 1550 1577 retrahebat,
1567 1534 1602 1566 et
1624 1536 1752 1567 tamen

972 1581 1024 1617 sic
1043 1580 1342 1628 pervenitusque
1356 1582 1395 1615 in
1413 1581 1551 1614 atrium
1569 1580 1751 1624 principis

971 1629 1213 1664 sacerdotum.
1227 1629 1363 1670 lnh0c‚
1379 1626 1588 1662 secundum
1599 1626 1749 1670 Bedam,

972 1675 1134 1712 maxima
1155 1675 1266 1711 nobis
1287 1678 1343 1711 est
1364 1672 1616 1710 admiratione
1636 1684 1750 1709 vene-

972 1723 1128 1768 randus,
1151 1722 1251 1769 quod
1266 1721 1467 1758 Dominum
1485 1731 1559 1756 non
1580 1720 1748 1766 reliquit,

970 1771 1085 1808 etiam
1107 1781 1191 1807 cum
1212 1769 1377 1806 timeret.
1405 1771 1452 1804 Et
1479 1770 1668 1812 iriqressus
1692 1770 1750 1803 in-

971 1823 1040 1863 tro,
1063 1818 1206 1855 scilicet
1236 1817 1275 1853 in
1295 1817 1420 1864 ipsum
1452 1815 1607 1860 atrium,
1638 1816 1752 1852 dedu-

970 1870 1051 1903 ctus
1071 1877 1139 1913 per
1157 1864 1352 1902 ostiariam
1370 1863 1545 1900 similiter
1561 1867 1600 1899 ut
1621 1873 1751 1909 supra,

970 1914 1021 1950 sic
1042 1914 1191 1950 sedebat
1217 1924 1296 1949 eum
1319 1912 1504 1948 ministris
1527 1911 1768 1959 adreptftfflssss„

970 1963 1059 2003 quia
1089 1963 1214 2006 friyus
1242 1963 1335 2005 erat,
1360 1959 1455 1995 sicut
1485 1958 1581 1994 solet
1607 1968 1690 1995 esse
1712 1957 1751 1994 in
1788 1998 1792 2002 ,

970 2020 1029 2045 me
1061 2020 1100 2045 se
1124 2007 1275 2050 martio,
1293 2011 1379 2054 post
1397 2006 1560 2042 mediam
1576 2009 1748 2050 noctem;

969 2061 1009 2093 ut
1050 2067 1129 2092 nem
1145 2054 1286 2101 negotii
1306 2055 1460 2098 videret,
1474 2058 1511 2090 et
1532 2053 1623 2100 quid
1651 2054 1749 2089 Pon-

970 2104 996 2141 ti
1019 2106 1072 2140 t'ex
1088 2105 1132 2140 tle
1154 2103 1315 2140 Domino
1334 2102 1534 2148 judicaret.
1558 2102 1748 2147 Principes

970 2156 1090 2188 autem
1111 2152 1341 2187 sacerdotum
1361 2153 1394 2185 et
1415 2160 1517 2185 omne
1538 2150 1748 2193 concilium,

970 2199 1059 2246 quia
1074 2209 1205 2235 verum
1218 2196 1477 2234 testimonium
1495 2195 1664 2232 invenire
1675 2206 1751 2232 non

969 2251 1159 2294 poterant,
1186 2246 1397 2292 quaerebant
1425 2245 1565 2288 falsum
1593 2245 1750 2279 testimo-

970 2290 1749 2340 nium,procurandutestesetsubornando

970 2347 1010 2378 ut
1029 2353 1108 2378 eum
1126 2343 1235 2377 morti
1256 2340 1453 2376 traderent.
1483 2341 1530 2375 Et
1550 2350 1621 2374 non
1641 2340 1750 2374 inve-

969 2393 1114 2431 nerunt,
1135 2388 1233 2425 unde
1248 2398 1335 2424 eum
1352 2391 1546 2432 tamquam
1563 2390 1682 2422 morte
1698 2385 1751 2421 di-

970 2447 1086 2484 gnum
1109 2447 1236 2472 coram
1252 2435 1374 2471 Pilato
1391 2445 1567 2470 accusare
1584 2436 1751 2480 possent,

969 2496 1049 2521 eum
1069 2485 1178 2519 multi
1195 2484 1288 2527 fulsi
1300 2487 1406 2519 testes
1428 2482 1475 2518 ad
1493 2481 1530 2517 id
1552 2491 1753 2528 procuran-

970 2533 1058 2569 dum
1083 2533 1336 2573 accessissent;
1360 2540 1523 2576 quorum
1544 2530 1754 2565 testimonia

970 2580 1222 2616 convenientia
1252 2589 1323 2614 non
1350 2581 1468 2616 erant.
1484 2583 1522 2613 et
1543 2576 1596 2612 sic
1617 2577 1754 2620 defece-

970 2631 1056 2664 runt
1075 2630 1280 2663 scrutantes
1313 2626 1505 2668 scrutinio,
1526 2626 1680 2659 mentita
1701 2627 1753 2658 cst

971 2675 1073 2712 enim
1097 2675 1280 2720 iniquitas
1301 2674 1374 2708 sibi
1396 2685 1406 2708 :
1430 2677 1468 2708 ut
1495 2671 1630 2708 mulier
1653 2671 1752 2706 Puti-

973 2721 1101 2769 pharis
1139 2722 1323 2758 adversus
1361 2720 1503 2767 ,loseph
1524 2749 1532 2764 ,
1570 2722 1606 2755 et
1642 2728 1753 2770 senes

972 2770 1154 2806 adversus
1183 2770 1410 2813 Susannam,
1444 2766 1621 2814 quoniam
1654 2774 1751 2810 ignis
