1872 3147
693 468 1111 540 VITAE

750 700 889 729 DOMINI
911 700 1051 729 NOSTRl

163 889 646 1003 JESU
787 889 1629 1007 CHRISTI

504 1178 737 1235 PARS
794 1179 1272 1238 SECUNDA.

716 1419 898 1466 CAPUT
926 1422 1053 1466 LVlll

304 1567 353 1593 DE
378 1564 569 1594 PASSIONE
597 1565 734 1594 DOMINI
760 1565 900 1594 NOSTRI
929 1566 1177 1604 MEDITANDA,
1202 1568 1238 1596 IN
1269 1568 1479 1597 GENERALI.

116 1711 125 1731 i
161 1695 349 1730 PAssmxis
374 1694 506 1729 Douma
533 1705 768 1729 ReconnATio.
799 1714 844 1720 —-

63 1742 233 1779 occurrit
257 1752 370 1785 nunc,
391 1747 430 1777 ut
451 1742 669 1777 Passionem
695 1740 843 1777 Domini

65 1789 178 1826 nostri
199 1791 288 1826 ,lesu
309 1787 444 1826 Christi
463 1793 680 1833 tractemus,
703 1789 749 1824 de
769 1800 844 1835 qua

20 1870 29 1880 ,.
62 1838 109 1874 ad
130 1838 252 1874 minus
272 1839 410 1883 septies
433 1838 467 1871 in
490 1836 550 1872 die
568 1836 760 1872 recordari
781 1836 842 1872 de-

63 1886 165 1921 beret
184 1883 430 1921 Christianus.
455 1884 560 1920 Unde
583 1884 669 1919 dicit
691 1886 843 1919 Bet-nai*-

61 1933 142 1974 dus,
156 1931 257 1978 quod
275 1931 495 1977 quotidiana
510 1930 620 1967 lectio
640 1931 842 1968 Christiani

63 1980 173 2017 debet
192 1989 273 2015 esse
295 1979 504 2015 recordatio
524 1978 729 2015 Doininicae
749 1980 840 2014 Pas-

61 2026 191 2068 sionis,
213 2030 251 2063 et
271 2026 371 2073 quod
396 2026 484 2061 nibil
512 2027 562 2061 ita
585 2026 757 2062 accendit
777 2037 842 2063 cor

61 2074 283 2117 humanum,
316 2074 636 2118 quemadmodum
669 2084 769 2120 saepe
806 2078 842 2109 et

62 2122 191 2158 sedulo
205 2120 412 2165 recogitata
430 2121 559 2157 Passio
575 2127 611 2156 et
626 2122 841 2157 humanitas

63 2167 278 2206 Salvator-is.
299 2169 365 2212 Qui
389 2179 478 2211 ergo
501 2168 538 2204 in
566 2179 673 2204 crui-e
698 2173 735 2204 et
757 2170 840 2204 Pas-

60 2216 164 2253 sioiie
181 2216 328 2253 Domini
348 2215 537 2252 ‹le-iderat
550 2215 720 2262 gloriari,
733 2216 840 2252 sedu-

60 2264 96 2300 la
110 2263 356 2300 meditatione
375 2264 487 2300 debet
502 2262 540 2298 in
560 2273 602 2299 ea
623 2264 837 2309 persistere,

60 2322 143 2358 quae
158 2310 342 2357 praecipue
358 2310 457 2346 intcr
472 2315 598 2347 cetera
612 2311 724 2347 debet
735 2311 835 2347 cordi

61 2364 188 2395 nostro
216 2369 298 2395 esse
331 2358 475 2394 infixa:
508 2363 550 2393 ut
581 2359 676 2393 sicut
706 2358 744 2394 in
772 2370 838 2394 suo

60 2417 216 2452 coi-pore
242 2405 432 2441 cicatrices
452 2408 489 2441 et
510 2406 668 2441 vulnera
689 2416 839 2452 semper

60 2456 175 2497 tenet,
189 2457 225 2489 et
236 2452 281 2488 de
292 2454 374 2498 ejus
385 2463 542 2499 corpore
552 2464 627 2488 non
640 2453 814 2488 delentur
828 2464 836 2497 ;

60 2500 112 2537 ita
129 2505 166 2537 et
189 2502 225 2535 in
246 2499 357 2535 corde
378 2507 505 2535 nostro
526 2510 593 2546 per
616 2502 838 2536 memoriam

62 2547 178 2584 nostri
204 2545 335 2589 teneri,
355 2552 391 2582 et
412 2557 616 2592 numquam
642 2548 686 2582 de
706 2558 750 2583 eo
773 2548 838 2583 de-

62 2594 129 2631 leri
162 2596 284 2631 (lebet.
321 2594 435 2640 CuJus
465 2594 615 2639 quidem
648 2593 839 2630 Passionis

63 2642 239 2689 mysieria
259 2646 292 2677 et
313 2652 395 2687 quae
412 2640 510 2677 circa
522 2652 606 2677 eiim
623 2641 721 2677 sacta
737 2646 837 2685 sunt,

62 2690 91 2726 si
111 2693 187 2726 toto
206 2689 343 2725 mentis
363 2688 498 2724 intuitu
519 2689 836 2735 perspicerentur,

63 2737 98 2772 in
120 2748 259 2774 novum
287 2736 414 2782 utique
437 2739 574 2772 statum
595 2736 839 2773 meditantem

147 2800 236 2834 Vin
248 2801 336 2834 Jsssu
350 2801 507 2838 Cmusrn
521 2800 642 2834 Tomus
656 2800 718 2834 IV.

919 1694 1164 1730 adducerent.
1188 1696 1281 1731 Nam
1307 1706 1350 1732 ex
1377 1697 1565 1742 profundo
1590 1700 1704 1736 corde

919 1747 956 1777 et
987 1744 1072 1777 totis
1093 1743 1279 1778 viscerum
1305 1744 1478 1780 medullis
1500 1756 1583 1781 eam
1610 1757 1704 1793 per-—

918 1790 1117 1833 scrutanti,
1140 1789 1245 1826 multi
1267 1801 1401 1835 passus
1427 1793 1608 1838 insperati
1631 1805 1701 1831 oc-

918 1842 1128 1876 currerent,
1151 1848 1194 1872 ex
1215 1838 1352 1883 quibus
1374 1849 1510 1875 novam
1532 1851 1701 1886 compas-

918 1884 1077 1929 sionem,
1100 1895 1236 1921 novum
1261 1895 1446 1930 amorem,
1471 1898 1586 1924 novas
1613 1898 1701 1925 con-

916 1931 1124 1975 solationes
1148 1937 1185 1967 et
1210 1943 1278 1978 per
1299 1943 1534 1980 consequens
1562 1946 1701 1972 novum

916 1979 1118 2026 quemdam
1142 1984 1283 2016 statum
1305 1980 1514 2018 dulcedinis
1536 1983 1699 2030 suscipe-

914 2029 986 2070 ret,
1010 2037 1092 2072 qiiae
1110 2026 1180 2063 sibi
1201 2027 1385 2073 praesagia
1405 2032 1442 2064 et
1460 2029 1698 2076 participalia

914 2073 1045 2120 gloriae
1092 2074 1324 2110 viderentur.
1366 2076 1485 2120 Unde,
1524 2078 1699 2123 quaedam

915 2122 1093 2157 monialis
1108 2122 1256 2166 devota,
1272 2124 1308 2158 in
1327 2125 1474 2159 tantum
1494 2124 1593 2161 circa
1612 2126 1698 2173 Pasff

913 2168 1058 2205 sionem
1084 2169 1220 2205 Christi
1242 2174 1324 2205 erat
1344 2170 1494 2215 affecta,
1518 2177 1558 2208 ut
1586 2183 1697 2209 num-
1720 2188 1723 2196 ¹

912 2227 1026 2262 quam
1064 2216 1237 2252 Crucifixi
1273 2218 1476 2263 imaginem
1509 2218 1697 2265 inspicere

911 2267 1052 2309 posset,
1081 2263 1152 2299 nisi
1177 2265 1317 2301 caileiis
1349 2276 1386 2300 in
1411 2269 1552 2302 terram
1586 2269 1694 2313 quasi

912 2310 1079 2347 totaliter
1092 2312 1272 2357 absorpta
1286 2322 1308 2347 a
1323 2322 1362 2347 se
1374 2312 1567 2349 deficeret.
1579 2315 1695 2360 Opor-

911 2361 966 2393 tet
986 2369 1076 2404 ergo
1099 2358 1199 2404 quod
1222 2360 1307 2404 quis
1323 2364 1550 2405 praesentem
1570 2371 1609 2398 se
1632 2374 1693 2398 ex-

912 2405 1041 2442 hibeat
1052 2405 1269 2450 affectuose,
1283 2406 1485 2452 diligenter
1495 2411 1532 2443 et
1544 2419 1694 2446 morose

912 2454 1088 2488 omnibus
1109 2456 1145 2488 et
1166 2452 1325 2499 singulis
1346 2465 1431 2499 quae
1452 2454 1552 2491 circa
1571 2457 1694 2492 Domi-

913 2499 1036 2535 nicam
1052 2502 1267 2536 Passionem
1281 2501 1580 2547 contig‹:runt‚ei.
1593 2505 1693 2549 quod

912 2546 1001 2583 illuc
1020 2551 1135 2583 iotam
1151 2548 1285 2583 mentis
1298 2550 1433 2592 aciem,
1448 2549 1693 2595 vigilantibus

913 2596 1031 2630 oculis
1053 2594 1188 2637 cordis,
1212 2594 1413 2641 oblitisque
1434 2596 1517 2632 aliis
1539 2598 1636 2633 curis
1656 2602 1691 2635 et

913 2641 1231 2679 sollicitudinibus
1257 2642 1524 2687 exterioribus,
1554 2645 1690 2692 dirigat

912 2694 1212 2735 perseveranter.
1230 2690 1273 2724 Ei
1287 2690 1383 2726 scias
1399 2691 1498 2736 quod
1516 2692 1545 2727 si
1566 2693 1603 2728 in
1625 2694 1692 2728 hac

912 2735 1092 2777 scientia.
1139 2747 1223 2783 quae
1268 2747 1380 2784 super
1423 2749 1554 2775 omnes
1601 2740 1692 2775 alias
