1924 3157
190 185 249 219 110·
683 175 890 211 SECUNDAE
926 174 1084 210 PARTIS
1122 175 1261 209 CAPUT
1299 176 1320 208 L

188 232 409 282 parentibus
418 230 557 268 nostris
569 228 732 273 afflictis,
742 232 779 265 et
789 227 827 264 in
838 237 964 264 neces-

192 280 366 319 sitatibus
392 277 613 321 subvenire3
642 287 685 313 ac
715 276 787 319 eis,
816 275 966 322 quando

191 328 375 373 indigent,
400 336 528 363 curam
549 328 586 361 et
604 323 773 361 debitum
794 322 967 368 obsequi-

191 387 255 414 um
267 373 507 421 impcndere3
523 376 559 408 et
573 373 608 408 in
622 382 857 419 quocumque
872 374 970 406 statu

194 423 324 466 simus,
338 427 526 468 parentes,
539 423 718 466 quantum
740 420 837 455 bono
859 419 969 454 modo

193 469 275 507 fieri
285 472 419 516 potest,
430 468 630 504 honorare.
642 467 743 511 Quod
756 465 860 513 prius
871 475 972 500 man-

194 516 308 559 davit,
327 516 454 553 dicens
477 527 485 552 :
508 517 654 552 Honora
674 519 814 560 patrem
833 517 865 549 et
885 523 971 547 ma-

193 568 298 609 trem,
316 564 388 600 hoc
405 573 505 600 nuuc
521 573 588 599 suo
607 562 774 607 exemplo
796 559 922 596 docuit
936 561 973 594 et

194 610 297 656 fecit,
317 611 418 658 quod
437 609 649 647 faciendum
667 607 876 646 admonuit.
900 608 971 642 Pro

194 670 234 696 se
254 657 355 695 enim
379 657 501 702 Matri,
521 669 634 705 quam
661 657 828 693 moriens
858 653 972 690 relin-

193 706 346 754 quebat,
367 705 530 742 alterum
552 703 829 751 quodammodo
857 701 973 754 [ilium

192 754 241 791 ad
259 754 339 800 ejus
359 764 488 789 curam
507 756 544 789 et
562 751 783 798 obsequium
803 750 971 797 provide-

192 802 323 839 bat.1n
334 801 404 837 hoc
417 804 540 837 autem
558 800 658 846 quod
669 800 801 836 Joanni
817 799 973 833 Matrem

193 848 485 889 commendavit,
519 858 656 893 magna
676 845 888 883 ostenditur
918 843 972 879 di-

194 899 318 944 gnitas
337 894 508 940 Joannis,
524 899 560 931 et
576 899 715 941 quanto
731 904 817 930 eum
832 894 974 928 honore

193 942 404 980 honoravit.
440 944 495 986 Et,
530 946 571 978 ut
602 941 690 977 dicit
721 943 974 984 Hteronynms,

194 989 376 1039 pudicitia
399 989 564 1035 Virginis
586 989 677 1025 nulli
704 987 975 1034 discipulorum

195 1037 335 1075 rectius
346 1047 459 1083 quam
474 1036 607 1083 virgini
621 1036 885 1072 commendata
896 1037 974 1070 est:

193 1089 236 1123 ut
255 1091 356 1122 esset
375 1085 420 1121 ad
442 1083 601 1120 invicem
624 1088 732 1130 grata
749 1082 922 1125 societas,
941 1084 978 1117 et

197 1132 354 1170 floridus
368 1135 554 1178 aspectus,
572 1141 640 1167 nec
658 1142 733 1167 non
748 1134 784 1167 et
798 1133 978 1166 venustus

196 1180 444 1217 conversandi
467 1190 630 1215 vernans
644 1177 856 1215 alternatim
873 1178 979 1223 pudi-

197 1227 370 1265 citiarum
408 1226 587 1274 splendor
613 1226 825 1263 decoratus.
855 1227 900 1261 Et
935 1235 979 1259 ecc

196 1277 266 1312 illa
281 1273 576 1321 hora‚quamdiu
594 1272 684 1309 vixit
701 1273 830 1317 Maria,
842 1274 980 1318 accepit

196 1334 276 1359 eam
292 1323 457 1360 Joannes
471 1322 677 1367 discipulus
691 1323 730 1356 in
744 1332 825 1365 sua,
840 1319 982 1356 scilicet

196 1369 237 1407 in
249 1380 356 1407 suam
370 1372 545 1412 matrem,
555 1369 762 1404 secundum
775 1367 979 1414 quosdam,

196 1418 264 1455 sed
285 1416 552 1463 congruentius
569 1414 856 1457 subauditur,in
877 1423 984 1450 suain

208 1475 336 1502 curam
355 1467 392 1499 et
405 1462 708 1505 sollicitudinem,
728 1474 841 1509 quam
863 1462 910 1498 de
930 1472 985 1497 ce-

207 1515 288 1549 tero
322 1510 534 1558 specialiter
557 1511 602 1547 de
626 1522 670 1547 ea
703 1511 870 1557 gerebat.
900 1509 987 1555 quia

209 1559 389 1607 quidquid
404 1558 435 1594 ei
448 1558 702 1594 necessarium
714 1561 806 1600 erut,
818 1558 865 1593 ad
876 1556 988 1603 ip÷iuz

208 1617 337 1644 curam
365 1606 586 1652 pertinebat.
615 1605 782 1642 Tradidit
810 1604 988 1641 Dominus

210 1656 318 1691 Matri
335 1655 522 1691 Joannem
541 1664 609 1700 pro
626 1655 730 1696 Jesu,
750 1664 899 1689 servum
920 1663 988 1699 pro

210 1700 392 1746 Domino,
429 1700 655 1747 discipulum
694 1711 761 1747 pro
798 1700 987 1744 Mau-istro,

212 1748 404 1786 hominem
428 1759 493 1793 pro
512 1759 599 1784 vero
624 1749 711 1793 Deo,
735 1748 852 1784 filium
873 1749 990 1784 Zebe-

214 1796 299 1841 daei,
321 1806 389 1843 pro
410 1795 501 1831 Filio
524 1794 602 1839 Dei,
617 1800 790 1842 nepotem
810 1806 878 1842 pro
900 1795 990 1831 Filio

214 1855 296 1886 suo,
323 1844 385 1889 qui
409 1846 491 1879 erat
512 1846 631 1879 totum
661 1853 768 1879 suun]
797 1843 990 1889 gaudium,

215 1902 258 1928 ac
275 1891 352 1927 vita
371 1901 438 1926 sua
458 1894 493 1926 et
514 1890 702 1926 solatium.
726 1891 814 1933 Quae
837 1891 992 1926 mutatio

214 1937 335 1986 ipsam
358 1937 459 1974 intus
474 1938 629 1981 cruciat,
645 1949 688 1973 ac
706 1938 812 1973 Matri
828 1938 994 1974 amarior

215 1985 388 2022 omnibus
398 1985 591 2021 doloribus
602 1996 792 2032 corporeae
805 1985 915 2021 Passi·
926 1986 994 2021 »nis

216 2033 359 2073 existit,
377 2036 414 2069 et
434 2036 558 2069 cetera
577 2033 690 2068 corda
713 2033 890 2078 humana,
909 2033 995 2069 licet

216 2091 339 2124 saxea,
355 2079 442 2116 licet
466 2079 602 2123 ferrea,
617 2080 763 2116 scindit.
786 2080 875 2124 Quis
893 2080 994 2117 enim

218 2127 299 2165 sine
327 2127 491 2174 singultu
518 2127 646 2164 audiet
673 2138 759 2164 eum
781 2128 860 2164 haec
883 2130 996 2164 verba

218 2175 434 2212 dicentem?
455 2176 535 2211 Non
557 2175 647 2211 dixit
669 2175 701 2211 ei
725 2187 732 2211 :
755 2177 890 2220 Mater;
914 2176 994 2221 sed,

218 2224 360 2267 mulier,
399 2233 446 2258 ne
478 2222 607 2258 Matris
636 2223 805 2260 dolorem
835 2223 996 2270 amplius

219 2270 406 2307 excitaret.
426 2271 529 2306 Unde
545 2272 818 2316 Chrysostomus
835 2271 895 2307 hic
918 2282 994 2307 rno-

218 2318 338 2354 vendo
351 2318 675 2364 quaestionem,sic
688 2318 797 2354 dicit:
817 2332 833 2352 (ι
854 2319 881 2355 O
897 2320 996 2356 bone

217 2366 327 2417 Jesu,
341 2375 401 2410 qul
428 2366 584 2402 Matrem
603 2369 705 2402 tuam
725 2365 994 2411 dulcissimam,

219 2423 301 2458 quae
319 2415 371 2447 lta
382 2411 581 2458 diligenter
592 2416 628 2449 te
642 2413 808 2458 nutrivit,
822 2425 995 2450 reveren-

220 2465 277 2496 ter
293 2460 480 2503 traciavit,
495 2464 530 2495 et
544 2460 704 2497 dulciter
721 2461 883 2505 lactavit,
902 2462 995 2498 adeo

219 2505 422 2543 indulciter
454 2507 674 2553 alloqueris!
706 2523 723 2541 »
753 2509 839 2553 Sed,
871 2513 911 2545 ut
932 2509 996 2544 di—

221 2558 322 2591 ctum
341 2557 410 2597 est,
426 2565 499 2590 non
516 2556 659 2591 vocavit
674 2567 754 2593 eaui
773 2558 942 2597 Matrem,
960 2559 996 2592 at

220 2601 408 2654 communi
433 2601 618 2654 nomine3
647 2614 691 2639 ne
728 2615 795 2650 pro
835 2603 992 2639 materni

219 2659 397 2692 nominis,
411 2659 439 2683 si
454 2655 739 2695 exprimeretur,
751 2655 787 2687 et
799 2651 995 2688 vehemen-

218 2695 267 2732 tis
293 2695 433 2732 amoris
455 2697 706 2733 teneritudine
728 2704 997 2745 aggravaretur

219 2743 384 2791 Virginis
404 2743 566 2788 animus,
585 2755 629 2781 ac
653 2745 781 2782 videns
804 2745 884 2783 Filii
910 2747 995 2783 Pas-

219 2791 380 2835 sionem,
399 2794 435 2828 et
455 2791 610 2828 audiens
626 2792 753 2828 Matris
769 2804 921 2838 nomen,
934 2795 996 2831 do-

1041 227 1134 264 leret
1166 225 1338 270 amplius.
1370 228 1470 262 Tunc
1504 227 1603 263 enim
1629 237 1705 263 non
1735 227 1817 262 erat

1041 279 1187 320 tempus
1200 274 1316 320 ipsam
1332 273 1490 310 dulciter
1506 274 1736 320 alloquendi,
1749 283 1819 309 nec
1876 278 1881 281 ⁴

1043 324 1171 358 Matris
1207 332 1346 358 nomen
1381 321 1633 367 exprimendi3
1665 321 1753 366 quia
1787 318 1818 356 si

1044 368 1212 406 Cliristus
1234 368 1379 405 dulcius
1406 368 1476 405 sibi
1503 369 1647 405 locutus
1672 367 1817 410 suisset,

1044 418 1140 453 sorte
1161 426 1225 452 cor
1249 415 1408 461 Virginis
1427 415 1646 462 crepuisset.

1092 467 1136 500 55
1151 466 1278 500 BEATAE
1290 465 1416 500 MAMAE
1427 465 1590 499 Vinomis
1602 474 1817 500 MARTYmuu.

1046 533 1090 538 —
1111 513 1222 549 Stans
1243 515 1369 547 autem
1387 510 1568 547 Dominus
1588 510 1624 546 in
1643 521 1751 547 cruce
1771 509 1821 545 fa-

1046 559 1141 596 ciem
1161 570 1292 595 versus
1313 559 1554 595 Occidentem
1574 559 1741 601 tenebat,
1758 556 1825 592 sed

1048 608 1166 643 Maria
1185 611 1222 643 et
1240 608 1402 643 Joanncs
1421 617 1551 643 versus
1568 605 1759 642 Orientem
1777 602 1825 640 ad

1047 655 1183 693 Christi
1206 653 1337 690 faciem
1359 653 1606 701 respicientes
1620 651 1763 698 jugiter
1777 651 1826 687 la-

1048 713 1193 749 crymas
1204 700 1824 747 fundebant.Contemplare‚ettu,

1049 750 1248 786 Dominum
1264 753 1385 793 tuum,
1398 752 1438 786 ut
1454 760 1533 784 mox
1543 748 1641 785 ear1s
1656 747 1703 784 ad
1723 756 1827 782 corn-

1048 797 1279 844 patiendum.
1303 798 1407 833 Unde
1427 797 1619 833 Anselmus
1637 808 1648 831 .-
1667 808 1685 829 «
1708 795 1753 830 At
1772 796 1826 838 tu,

1050 856 1133 881 cum
1156 846 1272 880 Matre
1293 848 1330 880 et
1349 846 1496 881 Joanne
1520 843 1655 880 accede
1677 843 1723 878 ad
1745 851 1828 877 cru-

1050 904 1145 935 cem,
1162 896 1198 928 et
1216 893 1408 938 perfusum
1426 893 1568 938 pallore
1587 890 1725 926 vultu=n
1741 890 1831 925 Jesu

1051 940 1218 976 cominus
1238 942 1397 975 intuere.
1418 938 1513 982 Quid
1531 937 1651 984 ergo?
1664 938 1732 981 Tu,
1751 935 1832 972 sine

1051 986 1227 1034 lacrymis
1257 986 1530 1023 amantissimae
1562 983 1731 1022 Dominae
1757 987 1831 1019 tuae

1051 1036 1235 1081 lacrymas
1256 1034 1428 1070 videbis?
1448 1036 1516 1077 Tu,
1534 1032 1642 1070 siccis
1665 1029 1833 1068 manebis

1053 1083 1184 1126 oculis,
1211 1086 1247 1118 et
1280 1083 1360 1129 ejus
1393 1082 1556 1118 animam
1588 1077 1835 1127 pertransibit

1052 1130 1199 1177 gladius
1216 1130 1385 1166 doloris?
1405 1131 1456 1166 Tu
1478 1129 1558 1165 sine
1580 1128 1747 1171 singultu
1768 1137 1833 1162 au—

1055 1181 1135 1214 dies
1150 1188 1236 1214 eum
1255 1177 1442 1213 dicentem
1464 1176 1571 1213 Matri
1589 1188 1597 1212 :
1617 1178 1654 1212 M
1673 1176 1767 1216 tier,
1784 1184 1835 1209 ec-

1056 1237 1092 1262 ce
1111 1228 1210 1271 filius
1232 1230 1335 1269 tuus3
1360 1231 1396 1260 et
1415 1224 1554 1262 J-·anni
1578 1236 1586 1259 :
1613 1226 1701 1260 Ecce
1722 1224 1837 1258 mater

1057 1277 1132 1310 tua.
1158 1287 1176 1306 »
1206 1275 1249 1308 Et
1274 1273 1411 1309 iterun]
1441 1284 1449 1308 ε
1481 1287 1498 1305 α
1527 1273 1662 1308 Mulier
1697 1267 1834 1316 inquit,

1058 1332 1132 1357 ecce
1157 1322 1256 1366 filius
1283 1323 1397 1356 tuus?
1418 1320 1445 1356 Ο
1471 1317 1739 1355 commutatio!
1766 1317 1837 1352 Pro

1061 1373 1201 1405 aeterno
1221 1371 1258 1404 et
1280 1366 1577 1404 incommutabili
1603 1369 1838 1412 l)eo‚purum

1061 1420 1097 1452 et
1111 1415 1393 1462 corruptibilem
1415 1415 1626 1458 hominem3
1643 1424 1711 1460 pro
1733 1416 1840 1448 natu-

1063 1463 1130 1499 rali
1150 1466 1185 1499 et
1206 1464 1317 1499 unico
1341 1462 1446 1507 Filio,
1470 1472 1619 1498 servum
1637 1459 1780 1506 accepit
1801 1457 1839 1493 in

1063 1511 1195 1546 filium.
1217 1511 1243 1546 O
1260 1510 1431 1554 Domina,
1448 1509 1527 1556 qui,
1540 1519 1687 1556 precor,
1702 1505 1841 1547 cogita—

1063 1563 1123 1594 tus
1142 1557 1181 1593 in
1204 1561 1241 1594 te
1263 1559 1526 1602 succedebant,
1548 1567 1630 1593 cum
1652 1560 1728 1592 tam
1749 1553 1840 1590 inae-

1065 1605 1291 1642 stimabilem
1316 1604 1651 1642 commutationem
1676 1604 1723 1640 ab
1745 1604 1839 1648 ipso,

1066 1664 1177 1699 quem
1200 1664 1312 1699 super
1326 1654 1453 1690 omnia
1468 1649 1742 1697 diligebas‚tibi
1759 1647 1841 1685 fieri

1065 1701 1246 1737 audiebas
1259 1703 1276 1735 ⁴?
1302 1702 1397 1737 Vere
1424 1705 1526 1736 tuam
1553 1699 1718 1736 animam
1752 1707 1842 1744 per-

1065 1748 1239 1785 transivit
1253 1748 1400 1794 gladius
1415 1747 1570 1792 doleris,
1582 1746 1760 1794 quoniam
1775 1743 1843 1781 tibi

1067 1795 1231 1833 amarior
1266 1796 1403 1832 exstitit
1439 1796 1612 1832 omnibus
1651 1792 1844 1831 doloribus

1068 1845 1232 1890 cujusvis
1245 1854 1435 1890 corporeae
1446 1843 1645 1890 passionis.
1657 1839 1842 1886 Quidquid

1069 1892 1167 1927 enim
1189 1891 1418 1927 crudelitatis
1441 1891 1624 1927 inflictum
1646 1893 1702 1926 est
1717 1898 1843 1934 corpo-

1069 1939 1174 1975 ribus
1192 1940 1410 1986 Martffrum,
1433 1939 1511 1975 leve
1532 1937 1614 1982 suit,
1636 1943 1700 1974 aut
1722 1935 1846 1983 potius

1070 1986 1176 2030 nihil,
1206 1986 1487 2033 comparatione
1513 1985 1629 2032 ipsius
1657 1991 1729 2021 tuae
1756 1994 1846 2027 pas-

1070 2034 1200 2077 sionis,
1218 2044 1300 2080 quae
1321 2033 1495 2070 nimirum
1514 2044 1581 2070 sua
1594 2031 1847 2068 immensitate

1070 2082 1257 2117 transfixit
1278 2081 1483 2127 penetralia
1508 2081 1563 2117 tui
1586 2077 1844 2126 benignissimi

1073 2128 1196 2165 cordis
1213 2141 1221 2164 :
1239 2143 1256 2163 »
1277 2130 1356 2166 haec
1375 2131 1581 2165 Anselmus.
1600 2129 1703 2164 Unde
1718 2130 1755 2164 et
1769 2127 1845 2162 Au—

1071 2181 1240 2222 gustinus
1262 2190 1271 2212 :
1302 2191 1319 2211 (ι
1343 2177 1451 2213 Matri
1474 2175 1654 2213 Dominus
1679 2175 1718 2211 in
1739 2184 1847 2210 cruce

1068 2226 1145 2272 jam
1173 2224 1319 2265 anxius.
1341 2224 1458 2261 oculis
1485 2228 1521 2260 et
1539 2224 1642 2260 vultu
1663 2231 1846 2265 annuens,

1072 2273 1116 2308 de
1128 2274 1275 2309 Joanne
1295 2272 1364 2309 ait:
1380 2274 1528 2316 Mulier,
1540 2283 1615 2308 ecce
1632 2273 1731 2316 filius
1749 2273 1846 2305 tuus.

1072 2321 1164 2355 Ecce
1187 2322 1365 2364 Joannes,
1387 2320 1448 2366 qni
1466 2323 1523 2356 est
1547 2329 1661 2357 nenos
1681 2321 1780 2361 tuus,
1802 2316 1848 2352 de

1072 2371 1196 2403 cetero
1211 2367 1448 2414 reputabitur
1461 2366 1529 2403 tibi
1544 2366 1655 2406 filius,
1671 2369 1707 2400 et
1721 2374 1849 2400 curam

1071 2414 1225 2451 habebit
1248 2417 1312 2458 tui,
1333 2419 1367 2451 et
1387 2414 1456 2451 erit
1475 2414 1648 2450 solatium
1669 2412 1734 2448 tibi
1757 2411 1847 2447 fide-

1072 2462 1269 2498 lissimum.
1295 2463 1383 2499 Inde
1403 2462 1560 2498 intuitus
1579 2463 1623 2498 Jo
1638 2469 1777 2498 mnem,
1797 2457 1849 2494 di-

1071 2509 1181 2545 xitilli
1194 2522 1202 2546 ε
1215 2513 1302 2545 Ecce
1312 2514 1427 2545 mater
1437 2514 1500 2546 tua
1510 2521 1518 2554 ;
1530 2509 1562 2545 ‹›i
1579 2507 1733 2550 servias,
1744 2509 1781 2542 et
1792 2516 1850 2542 cu-

1073 2568 1150 2593 ram
1169 2557 1267 2593 illius
1287 2559 1396 2600 habe,
1414 2568 1494 2594 eam
1518 2555 1585 2592 tibi
1603 2553 1847 2597 commendo3

1073 2603 1218 2650 suscipe
1240 2610 1395 2641 matrem
1417 2611 1531 2648 tuam,
1546 2603 1620 2640 imo
1636 2612 1755 2646 magis
1771 2610 1850 2636 sus-

1074 2662 1153 2697 cipe
1176 2654 1330 2688 Matrem
1355 2663 1489 2689 meam.
1517 2654 1605 2687 Dum
1628 2651 1707 2686 haec
1731 2657 1851 2695 pauca

1072 2699 1226 2743 diceret,
1246 2700 1297 2737 illi
1316 2700 1389 2736 duo
1412 2698 1537 2736 dilecti
1560 2700 1744 2745 lacrymas
1768 2696 1849 2732 l'un-

1072 2747 1161 2784 dere
1189 2759 1263 2784 non
1289 2749 1498 2785 cessabant.
1525 2747 1714 2784 'l'acebant
1738 2744 1850 2782 ambo

1074 2793 1125 2830 illi
1160 2796 1360 2842 Martyres,
1397 2798 1435 2832 et
1459 2805 1538 2842 prae
1571 2793 1686 2831 nimio
1722 2791 1852 2829 dolore
