1924 3157
331 144 533 184 QUOMODO
573 146 768 180 DOMINUS
806 146 1028 182 APPARUIT
1066 150 1213 184 MARIAE
1251 152 1542 191 MAGDALENAE.
1697 159 1753 193 ¹95

123 214 273 262 corpori
306 214 521 251 insaevirent
548 216 724 260 exanimi,
747 220 783 252 et
816 215 899 252 ideo

121 263 270 299 volebat
295 261 334 298 in
363 261 479 299 alium
512 262 636 299 locum
669 263 899 310 incognitum

119 309 214 347 illud
235 313 495 355 transponere.
523 310 704 347 Miratbilis
730 311 899 347 mulieris

119 356 292 401 audacia,
319 368 429 403 quam
459 361 631 404 aspectus
658 358 793 394 mortui
825 369 899 394 non

119 407 250 449 terret,
267 406 374 451 cujus
391 404 507 441 etiam
529 405 695 442 valitudo
719 406 765 442 ad
785 416 900 451 grave

118 452 255 488 mortni
277 454 388 489 sunus
406 452 614 489 tollendum
634 453 715 499 plus
737 452 898 488 intentat

118 510 231 546 quam
244 499 380 546 possit!
399 501 448 536 Ex
460 499 596 536 virtute
609 499 709 536 euim
725 500 781 536 sui
793 510 897 536 amo-

118 546 169 583 ris
189 548 367 584 credebat
387 558 426 583 se
456 557 565 593 posse
590 550 735 583 tantum
761 558 898 593 corpus

118 593 231 631 etiam
250 599 440 631 mortuum
459 597 625 640 portare,
645 594 731 640 quia
748 595 895 631 serven-

119 645 175 678 ter
195 641 336 679 amanti
357 641 449 678 nihil
463 642 609 678 videtur
622 641 793 686 disficile;
811 653 896 678 cum

116 688 217 726 enim
245 700 354 726 sexus
388 688 573 726 semineus
605 688 748 735 fragilis
774 688 821 724 sit
847 689 895 725 ad

116 747 232 773 onera
249 736 469 780 deserenda,
491 739 529 772 et
549 736 707 782 pavidus
727 736 775 773 ad
796 747 890 773 mor-

117 788 265 820 tuorum
292 794 453 830 corpora
470 784 687 829 bajulanda,
712 784 895 831 quidquid

115 831 200 868 aliis
220 831 454 878 impossibile
471 836 542 876 est,
555 832 635 868 haec
650 835 803 878 propter
820 843 896 868 ma-

113 879 351 926 gnitudinem
372 877 513 915 amoris
542 880 622 915 leve
644 883 682 916 et
713 879 894 926 possibile

114 927 333 963 arbitratur.
349 926 455 964 Unde
474 926 572 962 idem
587 927 759 972 Origenes
775 940 786 962 .·
800 940 816 960 «
835 928 894 963 Jo—

113 974 204 1020 seph
226 973 362 1019 timuit,
387 978 423 1011 et
443 984 558 1010 ausus
579 974 740 1010 nonfuit
760 974 892 1010 tollere

114 1032 248 1068 corpus
269 1022 315 1058 de
337 1032 460 1064 cruce,
478 1022 548 1057 nisi
571 1022 608 1058 in
624 1025 746 1065 nocte,
763 1026 800 1058 et
822 1021 892 1058 nisi

112 1069 185 1105 hoc
205 1068 418 1116 expetiisset
437 1080 459 1105 a
481 1069 619 1114 Pilato;
635 1068 752 1105 Maria
765 1073 891 1105 autem

111 1119 261 1152 noctem
283 1128 359 1153 non
381 1116 635 1162 praestolatur,
659 1128 734 1152 nou
762 1120 891 1163 postu-

111 1164 176 1207 lat,
206 1174 275 1200 nec
310 1168 474 1207 veretur,
507 1164 571 1200 sed
605 1164 786 1201 audacter
804 1175 891 1210 pro-

111 1210 239 1255 mittit,
262 1210 390 1248 dicens
414 1223 422 1247 :
444 1213 491 1247 Et
508 1222 571 1255 e90
599 1223 677 1248 eum
700 1213 840 1248 tollam.
864 1211 891 1248 Ο

109 1257 295 1296 mirabilis
307 1258 475 1295 mulieris
491 1259 671 1296 audacia!
690 1259 718 1296 O
740 1259 890 1304 mulier,

105 1306 185 1354 jam
205 1317 282 1343 non
304 1306 458 1343 mulier!
476 1306 627 1351 Nullum
648 1307 772 1343 locum
791 1306 890 1343 exci-

109 1353 177 1402 pit,
198 1353 293 1390 nihil
327 1353 541 1401 anteponit,
567 1354 649 1391 sine
676 1355 812 1390 timore
834 1353 890 1390 di-

107 1401 171 1447 cit,
199 1400 372 1439 absolute
404 1400 591 1448 promittit
620 1413 628 1437 :
652 1403 772 1438 Dicito
799 1403 891 1437 mihi

109 1450 173 1485 ubi
197 1451 354 1495 posuisti
375 1460 468 1490 eum,
494 1452 527 1485 et
550 1460 614 1494 eqo
641 1460 720 1485 eum
747 1449 888 1485 tollam.

110 1497 138 1534 Ο
171 1495 301 1539 Maria,
317 1507 456 1541 magna
489 1500 543 1532 est
571 1495 784 1533 constantia
810 1500 888 1540 tua,

110 1554 248 1590 magna
266 1547 323 1581 est
343 1544 437 1580 fides
458 1544 543 1581 tua!
566 1558 585 1577 »
608 1545 687 1580 haec
703 1545 887 1588 Oriqenes.

112 1591 177 1628 Hic
196 1602 285 1638 crgo
304 1592 517 1628 ostenditur
531 1601 670 1638 magna
685 1591 811 1628 Mariae
832 1592 889 1627 de-

110 1638 224 1677 votio.
259 1643 297 1675 et
319 1638 529 1675 dilectionis
559 1639 697 1684 fervor,
735 1643 772 1675 et
805 1639 889 1675 idea

112 1686 263 1731 meruit,
301 1697 412 1732 quem
448 1690 639 1723 mortuum
679 1687 888 1733 quaerebat,

109 1734 234 1771 vivum
254 1733 380 1771 videre
401 1738 438 1770 et
458 1733 603 1771 audire.
618 1734 776 1781 Respice
793 1734 890 1770 bene

109 1792 208 1825 eam,
231 1781 421 1828 quomodo
436 1781 668 1829 lacrymabili
681 1782 786 1818 vultu
803 1792 887 1828 sup-

108 1829 257 1882 pliciter
271 1833 308 1866 et
322 1829 456 1865 devote
473 1830 594 1882 ipsum
610 1833 753 1874 exorat,
764 1833 803 1866 ut
816 1828 888 1865 sibi

108 1876 214 1913 illum
234 1887 347 1923 quem
373 1881 509 1923 quaertt
529 1877 716 1922 ostendat,
740 1887 889 1924 semper

109 1925 210 1961 enim
227 1925 404 1969 sperabat
422 1923 554 1961 audire
567 1924 695 1971 aliqua
714 1935 826 1970 nova,
843 1925 888 1961 de

109 1983 175 2009 suo
197 1971 334 2008 dilecto
356 1982 469 2019 super
487 1972 626 2008 omnia.

157 2022 178 2055 6
202 2019 372 2056 Doummu
407 2031 662 2056 nacocxosmr.
699 2040 743 2046 —
780 2020 888 2056 Post-

110 2076 224 2113 quam
247 2069 389 2111 autem,
410 2072 451 2103 ut
483 2067 536 2104 ait
567 2068 777 2113 Gre907·ius‚
805 2077 889 2104 eam

112 2113 301 2151 communi
316 2114 500 2151 vocabulo
509 2114 711 2162 appellavit
725 2126 768 2152 ex
783 2125 888 2160 sexu,

112 2164 150 2199 et
167 2161 320 2208 agnitus
340 2173 417 2198 non
439 2165 514 2207 est;
542 2165 650 2199 vocat
672 2173 715 2199 ex
737 2162 889 2199 nomine

112 2208 267 2257 proprio
289 2212 330 2246 ut
363 2220 446 2246 eam
469 2209 590 2256 magis
618 2211 801 2247 intentam
834 2210 890 2246 fa-

115 2255 202 2301 ciat,
221 2260 257 2293 et
272 2256 386 2293 talem
402 2267 442 2294 se
459 2257 621 2301 exhibet,
635 2262 675 2294 ut
691 2257 815 2305 ipsum
830 2268 891 2295 co-

114 2307 272 2350 gnoscat
293 2316 302 2340 t
324 2306 420 2340 Dicit
438 2315 528 2351 ergo
549 2307 583 2340 ei
600 2307 703 2341 Jesus
723 2318 734 2342 .-
754 2307 891 2350 Maria,

115 2350 345 2388 desiderium
358 2353 439 2398 ejus
454 2352 611 2389 ulterius
627 2353 743 2406 affl-igi
761 2364 834 2390 non
848 2354 893 2389 si·

53 2397 58 2400 ”
116 2410 223 2441 nens,
249 2410 315 2445 per
338 2399 572 2436 vocationem
597 2400 760 2437 nominis
784 2412 893 2448 aper-

118 2449 194 2483 tam
222 2448 277 2483 sui
313 2447 478 2484 declarat
500 2447 769 2494 cognitionem.
792 2451 841 2484 Ac
866 2449 894 2484 si

119 2498 247 2541 aperte
274 2493 306 2529 ei
334 2494 462 2531 dicat:
486 2496 726 2543 Recognosce
752 2507 851 2539 eum,
875 2507 896 2532 a

118 2552 192 2586 quo
213 2543 506 2587 recognosceris,
529 2543 619 2580 Cum
633 2543 775 2580 etenim
796 2546 894 2590 apud

119 2590 237 2626 Deum
259 2595 384 2625 certus
407 2589 455 2626 sit
475 2601 653 2627 numerus
672 2592 894 2636 electorum,

118 2647 254 2683 magna
269 2637 391 2683 gratia
405 2637 594 2684 aliquibus
606 2638 728 2684 datur,
744 2640 894 2685 quando

116 2684 281 2731 propriis
318 2685 549 2730 nominibus,
588 2686 665 2722 Deo
703 2686 782 2723 noti
811 2698 894 2723 csse

117 2735 396 2776 monstrantur;
428 2733 578 2780 proprio
613 2744 704 2781 ergo
741 2733 894 2771 nomine

115 2783 225 2817 vocat
245 2779 417 2825 Mariam,
436 2783 476 2817 ut
501 2780 673 2828 designet
692 2781 894 2828 specialem

974 229 1086 263 quam
1125 220 1171 255 :td
1211 222 1369 258 Sanc-tos
1407 224 1521 261 habet
1562 226 1751 264 notitiam.

974 266 1152 319 Conversa
1178 279 1264 304 vero
1300 271 1382 314 illa,
1420 271 1534 308 eorde
1571 275 1610 309 et
1635 275 1754 312 oculis

975 317 1123 356 mentis,
1147 314 1242 351 sicut
1262 320 1349 353 ante
1371 322 1453 355 erat
1471 329 1652 357 conversa
1674 333 1753 359 cor-

975 370 1063 405 pore
1084 365 1121 396 et
1142 363 1260 398 oculis
1282 365 1420 402 carnis.
1446 376 1529 402 mox
1562 372 1601 404 ut
1622 379 1660 405 se
1683 380 1750 406 suo

972 408 1126 444 nomine
1150 410 1271 445 vocari
1295 412 1450 457 audivit,
1474 424 1560 451 euin
1598 416 1635 452 in
1659 427 1750 454 voce

949 454 1066 490 ·sicut
1097 455 1177 491 ovis
1205 457 1302 493 bona
1340 463 1531 504 pastorem
1568 473 1751 510 recogno-

970 501 1035 539 vit.
1079 502 1187 539 Prius
1225 504 1325 540 cnim
1363 518 1546 545 conversa
1579 521 1754 556 corpore,

968 550 1099 585 Jesum
1127 561 1209 587 esse
1237 552 1338 597 quod
1364 560 1555 599 nouerat,
1584 561 1752 604 putavit3

969 607 1067 649 nunc
1081 608 1265 634 conversa
1283 599 1410 641 corde,
1424 603 1524 647 quod
1538 608 1618 640 erat
1637 617 1754 652 agno-

970 647 1034 689 vit,
1056 654 1099 680 ac
1120 645 1229 691 quasi
1261 646 1502 692 reviviscens,
1527 655 1563 686 et
1588 653 1753 691 adorans

968 702 1054 727 eum
1077 703 1163 728 rum
1184 692 1367 730 indicibili
1390 697 1544 741 gaudio,
1567 699 1658 735 dicit
1677 703 1710 736 ei
1737 714 1747 737 :

966 739 1146 792 Rabbomg
1175 741 1273 786 quod
1303 742 1442 778 (licitur
1466 745 1667 790 Metuis-ter,-
1700 748 1752 784 sic

968 797 1069 822 enlm
1105 791 1193 824 ante
1234 789 1452 826 Passionem
1492 802 1576 828 eum
1616 805 1752 832 vocare

968 839 1230 879 consueverat,
1246 835 1341 882 ‘quia
1365 838 1540 875 doctores
1564 842 1664 887 apud
1685 844 1750 878 Ju-

968 881 1071 918 daeos
1089 887 1272 919 vocantur
1291 884 1475 931 magistri.
1499 888 1553 922 Tu
1575 898 1615 924 es
1636 899 1751 934 quem

969 930 1201 975 quaerebam,
1219 941 1336 976 quare
1356 933 1501 969 tamdiu
1525 938 1560 971 te
1581 936 1673 972 mihi
1695 949 1753 974 ce-

968 976 1076 1012 lasti?
1102 977 1286 1021 Quoniam
1314 989 1405 1025 ergo
1432 983 1688 1027 perseveravit
1713 987 1752 1021 ut

968 1029 1169 1069 quaereret,
1189 1026 1346 1072 contigit
1365 1030 1404 1063 ut
1424 1029 1625 1067 inveniret.
1647 1032 1751 1068 Unde

968 1072 1164 1116 Greqorius
1191 1085 1198 1109 :
1226 1088 1238 1104 «
1265 1073 1395 1119 Maria,
1416 1075 1510 1124 quia
1533 1081 1688 1114 vocatur
1708 1091 1751 1116 ex

967 1119 1387 1167 11omiue‚recognoss·it
1409 1127 1617 1169 auctorem,
1637 1129 1751 1173 atque

966 1177 1053 1203 eum
1073 1168 1245 1212 protinus
1268 1169 1445 1205 Rabboni,
1487 1170 1524 1206 id
1559 1176 1616 1208 est
1638 1174 1751 1220 Magi-

966 1218 1085 1250 strum
1120 1217 1240 1260 vocat,
1269 1215 1357 1262 quia
1389 1220 1425 1253 et
1452 1217 1531 1264 ipse
1562 1225 1656 1264 orat,
1685 1221 1750 1268 qui

966 1262 1209 1308 quaerehatur
1229 1264 1408 1309 exterius,
1431 1268 1468 1301 et
1488 1264 1567 1312 ipse
1600 1268 1661 1314 qui
1683 1268 1750 1305 in-

966 1309 1084 1346 terius
1107 1313 1148 1345 ut
1169 1315 1371 1356 quaereret,
1394 1314 1566 1350 docebat.
1600 1328 1618 1346 »
1644 1316 1748 1353 Unde

965 1359 1001 1392 et
1022 1357 1194 1401 Origenes
1229 1371 1240 1393 .·
1277 1373 1296 1391 «
1318 1359 1345 1394 Ο
1387 1360 1544 1397 mutatio
1583 1362 1747 1401 dexterae

966 1404 1122 1449 Excelsi,
1144 1415 1347 1442 conversus
1366 1411 1423 1442 est
1455 1408 1565 1444 dolor
1584 1420 1747 1457 magnus

965 1451 1001 1487 iu
1035 1451 1215 1498 gaudium
1248 1463 1443 1499 magnum,
1473 1460 1626 1494 mutatae
1658 1463 1748 1496 sunt

964 1499 1141 1546 lacryma}
1161 1500 1302 1536 doloris
1329 1501 1367 1537 in
1397 1502 1583 1549 lacrymas
1603 1506 1747 1543 amoris

964 1550 999 1582 et
1025 1546 1302 1584 exsultationis-l
1329 1550 1373 1585 Ut
1394 1559 1482 1596 ergo
1510 1551 1656 1588 audivit
1675 1554 1746 1590 hoc

963 1595 1134 1638 verbnm,
1163 1597 1300 1641 Maria,
1334 1595 1386 1632 sic
1415 1597 1514 1633 enim
1539 1609 1746 1637 consueve-

963 1645 1021 1678 rat
1046 1641 1148 1679 illam
1170 1653 1305 1679 vocare
1326 1643 1505 1687 May-'ister
1523 1657 1626 1692 suus,
1647 1658 1747 1695 prae-

964 1691 1080 1725 sensit
1102 1688 1140 1725 in
1162 1689 1244 1736 ipso
1267 1691 1420 1728 nomine
1442 1694 1646 1739 quamdam
1673 1698 1748 1732 sin-

963 1737 1135 1783 gularem
1178 1737 1386 1791 vocationis
1413 1740 1670 1787 dulcedinem,
1712 1748 1749 1780 et

962 1795 1031 1830 per
1046 1794 1129 1820 eam
1151 1789 1327 1831 cogn0v1t
1347 1786 1485 1832 ipsum,
1506 1798 1528 1824 a
1548 1799 1621 1835 quo
1642 1801 1749 1828 voea-

963 1833 1086 1875 batur,
1111 1842 1192 1868 esse
1211 1832 1432 1879 Magistrum
1453 1846 1576 1872 suum.
1601 1850 1618 1871 n
1641 1838 1748 1876 Unde

962 1878 1077 1915 etiam
1099 1881 1295 1916 Anselmus
1323 1894 1333 1916 :
1368 1896 1387 1914 «
1409 1881 1493 1919 Noli
1515 1884 1748 1930 Magdalenae

962 1926 1140 1963 deserere
1178 1927 1397 1965 comitatum
1423 1956 1433 1974 ,
1477 1931 1543 1967 scd
1585 1935 1746 1978 peractis

962 1974 1196 2011 aromatibus
1224 1986 1310 2012 cum
1346 1987 1403 2020 ea,
1427 1977 1665 2017 D‹›minicum
1692 1991 1747 2018 se·
1796 1977 1797 1982 ’

961 2021 1161 2068 pulchrum
1180 2021 1335 2059 visitare
1366 2029 1570 2063 memento.
1598 2027 1626 2064 Ο
1649 2028 1745 2066 sicut

964 2070 1027 2106 illa
1047 2069 1180 2115 oculis,
1200 2073 1239 2107 tu
1266 2070 1304 2107 in
1326 2071 1462 2118 spiritu
1488 2084 1641 2112 cernere
1662 2086 1742 2113 me-

963 2116 1110 2154 rearis:
1131 2128 1231 2154 nunc
1257 2128 1370 2165 super
1395 2119 1560 2167 lapidem
1592 2124 1742 2160 revolu-

963 2169 1043 2201 tum
1073 2165 1120 2201 ab
1161 2165 1257 2202 ostio
1297 2168 1531 2204 monumenti
1555 2169 1742 2217 Angelum

965 2212 1193 2249 residentem
1207 2224 1215 2257 3
1229 2224 1328 2250 nunc
1342 2213 1442 2251 intra
1457 2221 1744 2254 monumentum

966 2270 1080 2296 unum
1103 2259 1151 2296 ad
1171 2264 1295 2308 caput,
1315 2261 1431 2298 alium
1454 2263 1502 2299 ad
1525 2264 1652 2309 pedes,
1674 2267 1746 2302 Re-

968 2307 1214 2344 surrectionis
1268 2308 1429 2355 gloriam
1473 2311 1748 2357 praedicantes3

967 2365 1067 2391 nunc
1091 2354 1212 2399 ipsum
1234 2355 1422 2392 Christum
1458 2358 1658 2396 Dominum
1678 2362 1752 2397 Ma-

969 2403 1064 2438 riam
1105 2403 1257 2439 flentem
1289 2408 1324 2439 vt
1361 2405 1507 2441 tristem
1540 2410 1617 2443 tam
1649 2407 1750 2444 dulci

970 2451 1078 2486 oculo
1119 2450 1407 2496 respicientem,
1450 2456 1604 2500 tamque
1645 2456 1750 2492 suavi

970 2508 1060 2533 voce
1081 2497 1268 2534 dicentem
1298 2510 1307 2534 ι
1347 2501 1484 2537 Maria.
1512 2502 1751 2549 Rumpuntur

970 2545 1016 2581 ad
1039 2547 1132 2581 ltath
1155 2556 1284 2582 vocem
1319 2557 1449 2584 omnes
1485 2548 1618 2596 capitis
1645 2554 1750 2587 cata-

970 2597 1097 2635 ractae,
1126 2593 1173 2629 ab
1211 2593 1302 2641 ipsis
1335 2595 1512 2632 medullis
1550 2596 1751 2634 eliciuntur

971 2640 1159 2686 lacrymae,
1181 2640 1367 2688 singultus
1387 2646 1500 2689 atque
1521 2645 1684 2691 suspiria
1702 2645 1749 2682 ab

969 2687 1056 2723 imis
1082 2689 1284 2725 trahuntur
1318 2689 1537 2728 visceribus.
1561 2691 1693 2737 Maria,
1728 2704 1749 2728 ο

970 2736 1092 2788 beata,
1110 2735 1199 2782 quid
1221 2736 1289 2774 tibi
1312 2737 1450 2774 mentis
1466 2738 1651 2787 fuit,quid
1671 2739 1753 2776 ani-

970 2793 1035 2825 mi,
1055 2793 1140 2820 cum
1160 2784 1208 2821 ad
1240 2784 1338 2822 hanc
1356 2796 1487 2824 vocem
1515 2789 1553 2824 te
1581 2791 1748 2834 proster-
