1924 3157
187 171 224 202 ¹303

185 239 457 277 reindttsslldiis:
475 242 507 272 et
524 237 606 272 ideo
623 236 817 281 signanter
835 236 885 274 ibi
900 237 958 273 di·

188 291 286 323 ctum
305 291 374 329 est,
394 285 494 331 quod
512 288 690 320 exuerunt
710 295 802 325 eum.
822 285 882 320 hie
898 296 959 321 au-

191 338 264 370 tem
280 333 393 369 dicitu
401 343 417 367 ι·
433 332 531 377 quod
545 331 844 376 eoespoliarerunt
864 343 958 377 eum,

185 380 290 427 qimi
314 389 518 424 numquam
533 377 693 423 amplius
714 382 837 414 vestes
850 379 960 415 reha-

187 429 367 463 biturum.
380 446 421 452 —
435 427 481 461 Ex
493 426 561 461 hoc
571 424 727 461 articulo
737 425 962 462 documenta

189 477 342 520 possunt
362 472 495 517 accipi,
512 474 608 508 sicut
622 483 663 508 ex
681 472 759 508 illo.
779 475 884 513 Item,
902 476 959 508 est

188 522 473 563 documentum,
496 519 596 565 qnod
617 530 682 555 nos
700 519 881 556 debemus
894 531 958 555 nu-

188 568 270 604 dari
302 569 348 604 ab
382 568 558 603 omnibus
593 567 704 602 rebus
739 572 775 602 et
811 567 957 602 actibus

186 615 402 658 mundanis,
426 615 537 651 saluti
565 617 703 649 nostrae
740 613 956 656 contrariis,

188 667 241 706 ut,
277 663 487 698 secundum
516 663 789 705 Hieronymum,
818 660 957 695 nudam

183 720 334 746 crucem
348 708 437 745 nudi
459 719 676 755 sequamur.
697 709 804 749 Item,
827 707 957 743 estdo-

186 760 420 799 cumentum,
445 755 546 801 quod
573 756 601 790 si
627 765 739 800 quem
773 754 956 790 Christia-

628 168 835 201 sect'ijt
873 169 1030 203 I'ARTIS
1070 168 1208 202 CAPUT

996 239 999 247 “
1033 249 1055 273 a
1081 237 1261 278 Domine,
1290 236 1382 281 quid
1414 236 1453 272 in
1489 237 1678 282 omnibus,
1723 249 1807 284 quae
1847 252 1852 262 ·

186 815 276 840 num
299 803 492 847 contingat
518 813 539 837 a
566 801 809 848 praedonibus
842 800 959 836 vesti·
1000 834 1001 841 ,

187 853 256 888 bus
277 851 354 887 suis
375 849 544 903 spoliari,
558 848 778 884 recordetur
795 851 830 884 et
849 848 956 884 Cliri-
1000 854 1001 891 ζ

184 903 282 935 stum
301 909 323 934 a
340 908 417 934 suis
429 895 715 933 crucifixoribus
731 895 954 940 spoliatum;

184 950 222 982 et
257 946 330 981 erit
365 944 436 980 sibi
475 942 634 979 materia
673 941 876 986 patientiae.
912 962 957 968 —-

180 994 235 1029 Ad
248 992 560 1028 consormandum
572 1000 612 1025 se
624 990 709 1025 huic
720 988 891 1033 articulo,
902 999 959 1025 re·
1000 991 1001 1030 j

1000 1045 1001 1071 3
1034 1046 1117 1071 rum
1136 1040 1288 1072 actuum
1310 1041 1479 1072 sanctam
1494 1040 1531 1072 et
1546 1041 1687 1073 castam
1702 1048 1804 1073 exer-

182 1043 413 1076 memoretur
437 1039 549 1074 homo
572 1035 822 1073 substantiam
853 1039 958 1072 actus

183 1086 346 1131 articuli,
368 1089 404 1122 et
437 1090 532 1129 oret,
559 1083 718 1120 dicendo
746 1095 754 1118 ;
776 1086 872 1128 Jeszc,
894 1085 959 1129 qui

183 1139 267 1170 ante
303 1144 442 1170 crucem
491 1132 650 1167 vestibus
689 1132 891 1177 eoespoliari
926 1133 959 1166 ec

178 1182 316 1217 nudari
348 1181 512 1224 voluisti,
536 1181 597 1223 scic
634 1189 689 1213 me
714 1179 760 1213 ab
791 1178 958 1213 omnibus

178 1229 379 1264 mundanis
411 1227 532 1270 rebus,
556 1228 595 1261 in
626 1229 805 1271 quantum
832 1229 959 1261 contra

178 1278 334 1312 saltitem
362 1285 476 1310 meam
511 1276 610 1317 sunt,
647 1273 841 1317 denudari,
867 1283 959 1318 qua-

179 1327 282 1359 tenus
297 1322 436 1357 mdam
450 1322 666 1365 crucifioeum
683 1323 716 1355 et
732 1320 869 1355 nudam
881 1330 959 1355 cru-

179 1381 252 1406 cem
270 1370 391 1405 nudus
407 1379 552 1413 sequar.

229 1421 247 1452 5
271 1419 450 1452 Exrssxsio
469 1416 614 1451 Cuiusri
640 1426 676 1449 lx
697 1425 820 1457 cacos,
849 1425 958 1450 nocu-

183 1476 302 1501 MENTA
322 1475 392 1499 Duo
416 1474 459 1498 Ex
486 1474 544 1505 EA,
566 1473 674 1498 AcTus
697 1473 961 1497 coxronusrio-

185 1524 241 1548 le
263 1523 304 1547 ET
325 1522 468 1546 omno.
492 1529 537 1536 —-
559 1509 702 1545 Deinde
725 1507 883 1553 eripitur
902 1508 958 1543 fu-

182 1558 345 1596 ribunde
365 1557 480 1594 Filius
495 1557 540 1593 de
557 1555 733 1592 manibus
754 1555 883 1591 Matris
896 1555 959 1591 do-

185 1607 322 1642 lorosae
350 1616 426 1640 non
460 1604 542 1640 sine
573 1602 721 1648 magnis
749 1602 957 1646 doloribus,

189 1653 408 1700 gemitibus,
424 1654 461 1688 et
478 1651 668 1694 suspiriis3
687 1654 725 1686 et
746 1649 899 1686 ducitur
912 1650 959 1686 ad

189 1706 351 1737 mortem
376 1698 509 1735 crucis.
541 1700 584 1733 Et
611 1697 733 1733 nudus
765 1707 877 1741 super
906 1696 959 1732 li-

189 1758 305 1794 gnum
325 1745 460 1789 crucis,
483 1756 565 1791 quae
592 1744 632 1780 in
664 1748 768 1780 terra
788 1747 869 1779 erat
891 1754 958 1790 po-

189 1798 274 1838 sita,
297 1793 378 1830 dire
414 1793 619 1839 projectus,
654 1791 860 1843 crudeliter
894 1802 959 1826 ex-

188 1852 328 1889 pansus
347 1843 385 1877 et
403 1845 558 1885 tractus,
573 1838 809 1874 strictissime
828 1849 867 1873 1n
884 1849 960 1874 mo-

187 1890 277 1926 dum
305 1887 412 1934 pellis
445 1887 532 1922 hinc
569 1886 654 1922 inde
685 1889 741 1921 est
767 1890 957 1921 extensus.

187 1936 330 1974 Dicitur
366 1933 481 1978 enim,
509 1933 610 1980 quod
642 1931 831 1968 foramina
859 1932 961 1968 sece-

187 1986 274 2020 runt
302 1983 405 2029 prius
430 1981 467 2017 in
489 1991 612 2024 cruce,
634 1983 671 2016 et
694 1979 781 2025 quia
803 1979 960 2015 brachia

187 2036 224 2068 et
252 2030 365 2076 pedes
398 2028 537 2065 Christi
564 2038 640 2064 non
669 2029 844 2072 poteraut
865 2027 960 2062 fora-

189 2080 290 2115 mina
320 2076 521 2122 attingere,
548 2074 633 2110 ideo
665 2074 788 2120 ligatis
808 2073 958 2110 funibus

188 2127 225 2161 in
251 2124 413 2162 brachiis
433 2127 470 2159 et
490 2122 648 2169 pedibus
668 2124 814 2157 tantum
835 2125 957 2157 traxe-

190 2176 292 2215 runt,
314 2182 357 2207 ac
379 2171 507 2206 dulces
539 2179 673 2205 manus
700 2172 736 2204 et
763 2168 879 2214 pedes
907 2170 958 2204 ita

185 2223 363 2256 atrociter
401 2217 663 2259 extenderunt,
691 2216 795 2268 quod
827 2226 958 2251 omnes

183 2268 370 2314 juncturce
399 2264 540 2301 ossium
565 2263 796 2299 dinumerari
823 2266 956 2309 potue-

186 2318 287 2357 runt,
303 2314 410 2359 juxta
446 2311 539 2347 illud
577 2310 811 2346 Psalmi-tae:
836 2312 955 2362 ‘Dinu-

188 2363 420 2396 meminerunt
445 2360 566 2395 omnia
595 2368 678 2393 ossa
711 2368 804 2401 mea,
834 2357 873 2392 ld
900 2361 956 2393 est

185 2406 475 2444 dinumerabilia
496 2406 664 2442 fecerunt
684 2416 692 2447 ;
720 2404 796 2448 ubi,
818 2414 953 2440 secun-

188 2455 277 2491 dum
299 2453 618 2498 Auqustinun2,ad
632 2452 797 2487 litteram
812 2451 952 2487 descri-

185 2502 286 2538 bitur
307 2502 472 2536 extensio
498 2499 666 2544 eorporis
685 2497 821 2536 Christi
844 2498 880 2534 in
906 2499 954 2534 li-

183 2560 273 2596 gno,
298 2558 364 2584 nec
384 2550 531 2592 poterat
550 2547 682 2582 melius
701 2545 862 2582 describi
882 2546 951 2598 hu-

179 2597 240 2642 Jus·
278 2594 458 2631 extensio.
501 2595 586 2629 Haec
626 2596 750 2629 autem
784 2597 951 2629 extensio

184 2643 343 2679 inultum
378 2651 534 2686 p=enosa
566 2639 651 2684 suit,
677 2645 714 2675 et
747 2639 950 2675 maximum

181 2690 349 2726 dolorem
364 2687 509 2725 Christo
526 2687 662 2723 intulit.
679 2687 782 2723 Unde
800 2686 948 2733 legitur,

180 2737 280 2783 quod
312 2746 397 2771 curn
419 2734 527 2781 quaed
543 2744 593 2769 im
617 2734 752 2770 devota
775 2744 946 2779 per-ona,

1245 168 1364 202 LXIII

1036 295 1100 330 pro
1118 283 1222 319 nobis
1242 282 1408 328 pertulit,
1428 283 1589 321 maxime
1606 285 1806 330 doluisset,

1035 331 1230 376 respondit
1251 341 1259 365 ε
1283 330 1388 375 Quod
1413 331 1449 365 in
1482 341 1591 367 cruce
1626 336 1806 369 extensus

1035 377 1162 420 sui,ita
1178 377 1278 423 quod
1297 377 1424 412 omnia
1435 388 1521 413 ossa
1539 388 1622 415 mea
1639 379 1809 415 dinume-

1034 425 1109 460 rari
1132 427 1325 470 poterant;
1348 427 1384 459 et
1405 424 1631 471 quicumque
1651 437 1720 472 pro
1741 427 1807 462 illo

1034 472 1164 507 dolore
1189 470 1278 506 mini
1310 471 1451 516 gratias
1478 473 1611 518 egerit,
1635 472 1686 509 ita
1723 484 1809 519 gra-

1034 522 1113 554 tum
1149 518 1371 563 obsequium
1400 517 1492 553 mihi
1527 520 1737 564 praestabit,
1766 531 1809 556 ac

1033 567 1061 601 si
1081 568 1206 601 omnin
1227 567 1383 600 vulnera
1404 575 1487 601 mea
1504 571 1696 612 unguento
1717 577 1808 603 sua-

1035 612 1187 648 vissimo
1207 612 1397 648 deliniret.
1420 633 1465 638 -—
1486 613 1532 647 Ex
1554 613 1625 649 isto
1648 613 1808 650 articulo

1034 659 1262 695 extensionis
1294 659 1332 695 in
1357 670 1466 696 cruce
1493 664 1696 696 sumuntur
1729 661 1803 697 duo

1034 706 1274 742 documenta,
1296 706 1464 743 Primum
1483 711 1552 750 est,
1570 707 1671 753 quod
1687 710 1723 744 et
1741 718 1808 744 nos

1034 754 1162 789 omnia
1197 755 1367 789 membra
1392 758 1429 790 et
1464 765 1607 799 organa
1640 754 1810 800 corporis

1034 800 1154 836 nostri
1176 801 1378 836 extendere
1407 801 1588 837 debemus
1624 801 1663 837 in
1689 803 1810 838 obse—

1035 847 1164 893 quium
1194 847 1331 884 Christi
1357 859 1365 884 z

1035 894 1190 930 brachia
1222 894 1269 930 ad
1301 895 1585 940 operationem,
1617 896 1733 941 pedes
1758 896 1808 932 ad

1034 940 1342 985 ambulationem,
1381 952 1503 988 genua
1538 943 1585 978 ad
1620 942 1808 979 adoratio-

1035 999 1137 1033 nem,
1159 999 1289 1024 omnes
1313 1000 1462 1034 quoque
1491 1000 1620 1025 sensus
1645 990 1693 1026 ad
1719 1001 1803 1026 suo-

1035 1082 1268 1127 citationem,
1296 1086 1336 1118 ut
1357 1083 1542 1128 possimus
1569 1083 1695 1120 dicere
1719 1095 1803 1121 cum

1035 1129 1234 1166 Psalmista
1258 1141 1266 1166 ε
1291 1131 1420 1166 Omnia
1441 1141 1522 1166 ossa
1547 1142 1626 1166 mea
1652 1132 1773 1167 dicent
1793 1144 1804 1168 :

1034 1179 1197 1221 Domine,
1220 1179 1302 1222 quis
1323 1179 1458 1213 similis
1479 1179 1573 1213 tibi?
1595 1179 1698 1214 Unde
1720 1179 1804 1214 Cas-

1033 1226 1161 1260 sianus
1177 1224 1215 1260 in
1230 1224 1493 1262 collationibus
1510 1227 1662 1261 Petrum
1681 1226 1804 1270 docet,

1001 1288 1002 1304 i
1035 1271 1136 1317 quod
1162 1271 1348 1317 religiosae
1383 1275 1418 1308 et
1455 1272 1599 1309 devotae
1630 1283 1804 1319 personae

1001 1319 1003 1349 ἱ
1036 1319 1174 1355 debent
1194 1319 1361 1355 omnium
1380 1321 1636 1356 membrorum
1651 1331 1805 1357 suorum

177 2784 217 2822 in
238 2783 400 2831 quadam
435 2782 665 2818 revelatione
696 2780 948 2827 interrogaret
987 2817 991 2828 ,

1034 1365 1221 1412 primitIas
1242 1366 1400 1402 Domino
1428 1367 1578 1403 offerre.
1603 1368 1685 1403 Mox
1708 1367 1807 1404 enim

1035 1417 1077 1448 ut
1102 1423 1124 1448 a
1144 1423 1278 1449 sumno
1301 1413 1449 1450 excitati
1482 1413 1528 1450 de
1564 1414 1702 1450 lectulo
1729 1425 1808 1452 sur-

1035 1458 1214 1504 rexerint,
1232 1461 1371 1497 debent
1393 1463 1511 1506 primo
1521 1460 1599 1497 oris
1617 1461 1810 1508 etlinguae

1036 1511 1142 1543 motu
1164 1507 1306 1543 orando
1340 1507 1468 1544 laudes
1491 1509 1566 1544 Deo
1588 1508 1750 1552 offerre3
1770 1512 1809 1545 et

1035 1554 1255 1600 priusquam
1276 1555 1448 1591 membra
1473 1555 1600 1601 aliquo
1631 1566 1698 1592 suo
1725 1556 1808 1592 fun-

1001 1598 1003 1617 ³
1036 1605 1172 1646 gantur
1193 1601 1331 1644 officio,
1355 1602 1454 1638 circa
1474 1613 1604 1639 curam
1624 1601 1679 1639 rei
1701 1602 1808 1639 fami-

1035 1648 1156 1693 liaris,
1181 1650 1319 1685 debent
1344 1660 1389 1686 ea
1409 1650 1456 1686 ad
1477 1649 1604 1686 divina
1622 1650 1806 1697 obsequia

1035 1696 1237 1732 extendere
1260 1708 1268 1732 ε
1285 1700 1394 1740 caput
1415 1701 1452 1733 et
1470 1696 1604 1733 faciem
1624 1708 1709 1733 cum
1728 1708 1804 1734 om-

1001 1759 1003 1774 :
1035 1743 1148 1779 nibus
1180 1744 1352 1779 sensibus
1388 1744 1436 1780 ad
1464 1744 1600 1780 coelum
1629 1744 1804 1789 levando,

1034 1800 1168 1826 manus
1190 1790 1237 1826 ad
1261 1792 1376 1826 Deum
1400 1790 1436 1826 in
1458 1790 1628 1828 oratioue
1652 1792 1803 1828 elevan-

1001 1841 1003 1848 ⁴
1035 1837 1097 1881 do,
1120 1837 1275 1874 brachia
1296 1837 1332 1873 in
1354 1837 1506 1874 modum
1532 1838 1651 1874 crucis
1672 1849 1805 1886 expan-

1035 1884 1173 1928 dendo,
1195 1895 1318 1931 genua
1356 1885 1404 1921 ad
1442 1885 1654 1922 orationem
1687 1888 1807 1923 incur-

1000 1935 1003 1979 ξ
1034 1933 1173 1974 vando,
1200 1936 1321 1968 totum
1354 1942 1492 1978 corpus
1529 1943 1630 1969 nunc
1656 1934 1804 1978 stando,

1001 1990 1003 1995 ’
1036 1989 1133 2015 nunc
1154 1979 1191 2014 in
1223 1983 1364 2015 terram
1391 1981 1438 2015 ad
1458 1979 1608 2016 veniam
1628 1984 1805 2026 proster-

1000 2042 1002 2050 ι
1035 2026 1272 2070 nendo,cum
1295 2026 1480 2062 reverenti
1496 2031 1532 2063 et
1553 2028 1713 2064 honesta
1724 2039 1808 2064 om-

1035 2072 1139 2109 nium
1168 2074 1439 2117 membrorum,
1462 2077 1499 2110 et
1532 2073 1670 2110 virium
1691 2074 1821 2117 totius

1001 2125 1002 2129 ’
1033 2120 1202 2163 corporis
1236 2120 1467 2165 extensione,
1495 2124 1532 2157 et
1551 2121 1807 2167 spiritualium

1032 2166 1169 2203 virium
1192 2167 1398 2204 intentione
1430 2167 1469 2204 in
1491 2170 1718 2205 sacritieium
1736 2169 1806 2215 ju-

1031 2215 1142 2251 stitiae
1172 2216 1247 2251 Deo
1288 2215 1496 2251 offerendo.
1519 2236 1563 2242 -
1588 2216 1805 2253 Secundum

1032 2262 1298 2298 documentum
1317 2267 1387 2305 est,
1409 2263 1509 2308 quod
1535 2262 1660 2311 cordis
1687 2263 1804 2300 ..culis

1031 2309 1259 2354 aspiciamus
1286 2309 1536 2346 salvatorem*
1552 2308 1801 2347 ‘nosffn‘ffin

1031 2367 1140 2393 cruce
1175 2355 1348 2402 expansis
1384 2356 1556 2397 manibus
1587 2362 1798 2403 extensum,

1030 2405 1134 2450 quasi
1156 2408 1330 2450 paratum
1353 2414 1419 2440 nos
1447 2405 1612 2450 recipere
1632 2405 1679 2440 ad
1693 2415 1796 2442 amo·

1028 2462 1157 2487 rosum
1180 2450 1392 2496 amplexum
1426 2462 1548 2487 suum.
1579 2451 1682 2488 Unde
1714 2453 1793 2488 Au-

1025 2500 1195 2542 „qustinus
1217 2510 1227 2532 :
1252 2511 1269 2531 (ι
1302 2497 1472 2534 Christus
1507 2499 1673 2534 extendit
1703 2499 1791 2536 bra-

1027 2545 1110 2581 chia
1127 2555 1195 2581 sua
1214 2544 1250 2580 in
1271 2555 1394 2589 cruce,
1412 2549 1449 2581 et
1467 2546 1641 2591 expandit
1660 2556 1794 2583 manus

1026 2603 1113 2628 suas
1145 2595 1293 2637 paratas
1330 2591 1369 2627 in
1401 2593 1596 2640 ampl-exus¹
1619 2597 1792 2638 peccato-

1025 2650 1124 2675 rum.
1149 2652 1164 2671 υ
1185 2640 1287 2674 Inter
1306 2638 1683 2675 brachiaASalv‘atoris
1703 2640 1791 2685 mei,

1024 2689 1059 2722 et
1083 2685 1209 2722 vivere
1231 2686 1314 2722 volo
1335 2691 1373 2722 et
1393 2685 1488 2722 mori
1507 2685 1634 2732 cupio;
1658 2687 1705 2723 ibi
1728 2697 1790 2723 se-

1024 2743 1137 2769 curus
1169 2734 1378 2769 decantabo
1407 2744 1415 2769 :
1436 2734 1622 2769 Exaccabo
1645 2737 1700 2775 te,
1718 2736 1788 2770 Do-

1022 2782 1131 2825 mine,
1154 2781 1326 2826 quoniam
1356 2782 1548 2827 suscepisti
1579 2791 1647 2819 me.
1669 2801 1715 2808 -
1731 2780 1789 2818 Ad

1395 859 1528 884 manus
1565 848 1740 885 videlicet
1773 852 1810 885 et
1858 874 1865 881 ,-
