1924 3157
534 116 582 150 DE
620 117 782 155 SEXTA,
824 117 865 151 IN
904 119 1117 155 PASSIONE
1159 123 1330 160 DOMINI.
1698 127 1752 162 115

116 189 296 226 Dominus
315 193 439 226 autem
464 191 517 228 ait
540 203 548 228 :
573 191 689 228 Amen
711 193 790 228 dico
812 193 894 236 tibi,

111 238 229 277 hodie.
259 242 331 274 etc.
361 238 445 275 Vita
479 239 580 276 enim
615 243 671 276 est
705 250 784 276 esse
811 250 895 277 cum

111 284 274 327 Christo,
294 285 384 330 quia
405 287 468 323 ubi
496 288 680 332 Christus,
703 287 753 324 ibi
779 290 814 324 et
834 299 893 325 re-

111 343 243 379 gnum.
267 333 347 370 Cito
372 333 490 379 igitur
512 335 673 381 ignoscit
694 336 891 379 Dominus,

111 380 199 426 quia
237 380 300 417 ille
342 381 414 418 cito
449 382 696 419 convertitur.
733 396 749 416 »
791 384 893 420 Unde

109 427 223 465 etiam
244 429 507 473 Auqustinus:
531 447 549 463 u
571 429 700 466 Dixisti
722 430 859 467 latroni
882 443 890 467 :

108 476 225 512 Hodie
251 487 388 513 mecum
407 479 478 513 eris
498 479 537 513 in
558 478 748 523 paradiso,
771 481 811 513 ut
827 478 892 515 de-

109 524 158 560 sit
177 523 280 561 locus
297 524 551 571 desperationi
571 536 579 560 :
603 523 664 560 cui
685 524 808 571 parcis
831 525 892 562 la-

108 571 225 615 troni,
248 575 288 608 ut
314 572 492 609 ostendas
516 572 677 608 fructum
702 571 890 619 poeniten-

108 618 184 663 tiae,
211 619 356 657 sontem
383 618 669 665 misericordiae,
692 623 729 656 et
754 620 890 656 celeri-

109 669 225 704 tatem
259 667 520 713 indulgentiae.
551 668 605 703 Tu
637 667 737 704 enim
765 668 891 705 salvas

106 713 292 750 latronem
307 715 473 761 seipsum
489 719 743 758 accu-antem,
758 718 891 752 temet-

104 760 228 808 ipsum
243 765 499 806 excusantem,
517 761 820 799 misericordiam
837 763 891 800 in-

104 813 317 853 vocantem,
338 813 375 846 et
395 810 724 856 blasphemantem
743 810 889 848 socium

105 855 378 905 increpantem.
412 871 431 891 »
469 857 571 894 Unde
598 861 635 894 et
673 859 888 902 chrysosto-

103 915 184 940 mus
204 917 215 941 :
242 918 260 939 «
285 905 313 942 O
331 916 392 942 res
411 905 603 942 miranda!
622 907 703 942 Non
725 907 887 944 Abrahae

105 952 194 989 data
213 957 271 989 est
290 953 492 1000 promissio
513 953 697 1000 paradisi,
719 965 795 991 non
817 956 886 992 Pa-

105 999 238 1045 tribus,
258 1011 333 1036 non
358 1001 571 1047 Prophetis,
601 1002 665 1038 sed
689 1003 812 1048 primo
834 1003 884 1040 la-

104 1046 203 1085 troni
232 1047 369 1085 dicitur
394 1060 402 1084 :
435 1049 552 1084 Hodie
582 1060 720 1085 mecum
745 1052 817 1086 eris
847 1053 887 1087 in

100 1096 292 1142 paradiso.
331 1096 500 1133 Credidit
541 1097 733 1133 Abraham
778 1099 854 1134 Deo
876 1129 883 1139 ,

102 1153 179 1180 non
210 1144 278 1181 sub
302 1143 369 1180 tali
397 1143 615 1181 conditione
654 1144 793 1191 posito,
817 1146 884 1183 sed

102 1190 149 1228 de
181 1191 276 1228 coelo
315 1191 483 1238 loquenti
503 1205 513 1235 ‚·
550 1191 712 1228 credidit
750 1192 882 1236 lsaias‚

102 1238 168 1275 sed
187 1239 333 1276 sedenti
354 1250 468 1285 super
482 1239 618 1276 solium
636 1240 825 1277 excelsum
848 1245 885 1277 et

101 1286 503 1332 elevatum;c1·edidit
535 1288 719 1329 Ezechiel,
750 1289 817 1325 sed
850 1289 883 1325 ei

100 1344 214 1379 super
234 1345 345 1380 quem
373 1334 577 1372 Cherubim
605 1337 884 1382 contemplatus

100 1385 178 1426 est3
199 1382 359 1419 credidit
375 1387 412 1419 et
429 1385 585 1429 Moyses.
605 1383 669 1420 sed
692 1383 737 1419 de
758 1385 883 1421 medio

99 1429 199 1476 ignis
231 1430 417 1476 loquenti.
438 1431 509 1467 Sed
531 1430 600 1466 iste
620 1431 724 1468 videt
753 1432 880 1469 Salva-

98 1480 222 1514 torem
251 1489 328 1514 non
353 1477 394 1514 in
426 1478 543 1525 regali
573 1479 725 1524 throno,
754 1484 813 1515 ast
844 1479 883 1516 in

98 1535 213 1572 poena
236 1526 421 1562 sociatum
460 1525 694 1571 latronibus;
717 1525 821 1563 videt
842 1527 882 1564 in

100 1583 210 1610 cruce
235 1574 479 1620 pendentem,
516 1578 555 1610 et
593 1577 677 1611 orat
707 1574 814 1620 qua-i
840 1575 880 1612 in

99 1620 205 1657 coelis
225 1621 441 1664 sedentem;
465 1620 568 1657 videt
585 1622 881 1659 condemnatum

98 1671 136 1705 et
161 1668 311 1706 invocat
344 1670 499 1714 Regem.
523 1669 551 1706 O
575 1669 803 1706 admiranda
825 1670 880 1707 la-

97 1717 218 1752 tronis
244 1716 463 1754 conversio!
488 1716 609 1754 Judaei
636 1717 879 1764 crucifigunt,

97 1763 161 1811 qui
184 1768 372 1801 noverunt
398 1766 534 1811 Legem
570 1767 609 1801 et
641 1766 875 1812 Prophetas;

97 1815 147 1856 et,
174 1815 213 1848 tu
245 1812 356 1858 latro,
384 1813 484 1849 unde
512 1812 604 1848 talia
627 1812 876 1861 philosopha-

95 1857 177 1896 ris?
195 1873 214 1892 »
243 1860 325 1897 haec
360 1861 650 1906 chrysostomus.
692 1861 765 1898 Sed
803 1862 878 1899 cle-

96 1917 204 1944 mens
237 1907 368 1945 oculus
405 1912 506 1950 tuus,
535 1920 556 1945 o
587 1908 746 1945 Domine
773 1911 878 1955 Jesu,

94 1954 258 2001 respexit
278 1966 392 2003 super
416 1967 516 2001 eum,
540 1959 578 1993 et
593 1956 735 1993 vocasti
755 1956 879 2003 ipsum

96 2002 248 2040 interna
278 2003 478 2041 vocatione
514 2004 563 2041 ad
597 2005 875 2050 poenitentiam.

95 2050 186 2095 Quis
205 2061 281 2088 non
302 2051 415 2088 debet
436 2052 474 2087 in
500 2054 538 2088 te
561 2063 730 2099 sperare,
750 2056 787 2089 te
802 2053 879 2090 lau-

96 2099 203 2143 dare,
223 2102 260 2136 et
293 2098 535 2144 benedicere,
563 2104 601 2136 et
625 2111 770 2144 amare,
794 2112 878 2138 cum

98 2146 151 2184 ita
180 2146 228 2183 de
261 2146 362 2183 sacili
397 2146 599 2194 pepercisti
639 2147 687 2193 ei,
711 2148 773 2195 qui
799 2152 878 2186 tam

98 2194 197 2231 male
218 2199 504 2241 consumpserat
522 2194 637 2232 vitam
653 2196 789 2233 suam?
811 2198 879 2233 Re-

98 2241 201 2289 spira
239 2253 330 2288 ergo
366 2253 466 2280 nunc
505 2241 546 2279 in
581 2254 688 2291 spem
723 2243 846 2281 veniae
868 2274 876 2289 ,

98 2300 349 2336 quaecumque
383 2289 571 2337 peccatrix
605 2291 747 2337 anima,
769 2291 798 2328 si
820 2296 876 2328 ta-

99 2347 187 2374 men
208 2337 386 2383 patientis
409 2349 474 2383 pro
494 2343 531 2375 te
558 2339 707 2376 Domini
726 2340 779 2376 tui
801 2350 877 2376 non

99 2384 234 2421 horres
251 2384 354 2431 sequi
376 2384 546 2432 vestigia.
559 2387 646 2432 Sed,
661 2398 708 2424 ne
722 2397 876 2434 procra-

101 2432 220 2469 stines
236 2443 356 2479 usque
375 2433 422 2470 ad
444 2434 575 2470 horam
591 2434 876 2480 mortis,exem-

100 2480 163 2527 plo
184 2481 296 2527 hujus
321 2480 479 2517 latronis
496 2481 696 2528 poenitere,
713 2486 750 2519 et
771 2484 876 2519 inve-

100 2527 182 2564 nire
202 2528 326 2564 locum
350 2530 521 2565 Domino.
551 2529 626 2566 Etsi
650 2530 751 2566 enim
771 2530 876 2577 opti-

100 2585 206 2612 mum
226 2575 274 2612 sit
292 2579 328 2613 et
349 2577 498 2613 salubre
517 2577 713 2615 consilium
734 2578 780 2614 de
805 2577 876 2614 mi-

100 2623 307 2660 sericordia
345 2623 410 2661 Dei
451 2635 622 2670 quaerere
659 2625 874 2672 refugium3

98 2673 219 2708 totum
238 2676 365 2709 tamen
380 2672 574 2709 hominem
589 2684 632 2710 ex
649 2684 695 2710 ea
709 2674 875 2718 pendere

97 2717 361 2758 stultissimum
377 2724 433 2757 est
448 2719 638 2766 solatium,
659 2720 748 2768 quia
767 2722 879 2759 mise-

96 2764 261 2805 ricordia
279 2770 318 2806 et
331 2768 472 2806 veritas
491 2767 531 2806 in
549 2778 595 2806 eo
610 2767 764 2807 obviant
786 2769 871 2807 sibi.

970 192 997 228 Ο
1022 193 1131 227 Pater
1163 195 1454 242 clementissime,
1482 208 1570 242 rogo
1609 202 1654 237 te,
1691 212 1754 244 ¹²9⁰

969 241 1093 295 miser,
1122 242 1257 285 diffluas
1284 245 1465 288 infernali
1487 246 1684 292 supplicio,
1717 250 1755 283 ut

968 297 1020 322 sis
1040 297 1176 322 memor
1194 292 1263 324 mei
1285 293 1323 326 in
1344 303 1454 336 reqno
1470 296 1550 329 tuo:
1565 303 1628 338 e90
1643 296 1754 338 enim,

968 336 1133 377 Domine,
1154 336 1248 372 latro
1265 348 1344 373 sum
1358 343 1551 384 possimus,
1570 343 1635 387 qui
1650 352 1705 377 mc
1720 345 1754 378 et

968 382 1100 417 multos
1124 383 1164 417 in
1184 386 1311 420 anima
1332 388 1478 432 occidi‚·
1510 389 1574 424 scd
1596 392 1648 430 tu,
1671 391 1750 425 Do-

968 431 1064 464 mine
1090 431 1445 475 misericordissime,
1483 439 1657 472 memento
1679 438 1752 472 mei

968 478 1005 512 in
1032 477 1176 513 bonum.
1199 480 1289 515 Ecce
1312 481 1423 517 adoro
1451 486 1496 526 te,
1524 495 1630 529 quem
1653 485 1752 521 latro

966 524 1161 566 adorabat,
1176 529 1209 561 et
1223 537 1284 562 oro
1302 529 1398 564 sicul
1418 530 1481 565 ille
1496 531 1626 567 orabat
1645 544 1654 567 ε
1674 534 1751 568 Me-

966 575 1083 608 mento
1115 574 1199 614 mei.
1227 573 1393 619 Domine,
1421 577 1508 612 dum
1542 582 1685 615 veneris
1712 581 1752 616 in

965 630 1117 664 reanum
1139 624 1256 656 tuum.
1277 624 1500 667 Recoqnosce
1521 627 1560 661 in
1582 637 1650 668 me,
1678 629 1750 663 Do-

965 669 1074 709 mine,
1093 669 1186 704 hanc
1209 671 1425 713 orationem,
1447 674 1543 708 sicut
1576 684 1749 719 recoyno-

966 717 1054 751 visti
1080 726 1158 751 eam
1191 718 1230 752 in
1255 718 1416 761 latrone;
1440 722 1586 766 suscipe
1612 722 1706 758 hanc
1727 734 1750 758 a

963 773 1079 807 servo,
1103 765 1200 799 sicut
1222 768 1420 811 suscepisti
1447 778 1526 803 eam
1555 779 1578 804 a
1606 770 1749 812 famulo

963 814 1045 855 tuo3
1068 816 1242 848 memento
1264 815 1334 849 mei
1357 815 1401 850 de
1421 826 1545 860 remo,
1571 818 1667 852 sicut
1686 818 1749 861 fu-

962 860 1028 894 isti
1049 870 1184 895 memor
1204 861 1310 896 illius
1331 862 1375 898 de
1396 863 1508 908 liqno.
1530 865 1596 900 Dic
1616 866 1748 910 iyitur,

962 907 1036 951 dic,
1073 918 1207 953 quaeso,
1238 910 1402 955 Dimz'ne‚
1448 911 1508 947 dic
1534 922 1637 948 servo
1672 915 1748 957 tuo,

963 955 1109 1000 loquere
1124 956 1174 990 ad
1187 966 1248 991 cor
1259 968 1397 1002 meum;
1414 959 1474 994 dic
1490 961 1622 996 animae
1640 971 1748 996 meae:

963 1003 1077 1037 Hodie
1101 1014 1237 1038 mecum
1260 1006 1332 1039 eris
1352 1007 1389 1051 in
1411 1007 1602 1051 paradiso,
1625 1011 1666 1043 ut
1686 1019 1748 1052 eqo

961 1051 1189 1093 confortatus
1222 1052 1464 1089 desiderabili
1497 1059 1559 1089 tua
1587 1057 1750 1100 promis-

960 1099 1072 1136 sione.
1095 1099 1254 1143 fideliler
1273 1110 1507 1144 permaneam
1531 1103 1570 1136 in
1591 1105 1655 1138 tua
1679 1103 1750 1148 fide

960 1149 994 1180 et
1011 1145 1217 1181 dilectione.
1237 1148 1279 1182 In
1296 1148 1489 1193 splendore
1505 1149 1593 1195 fidei
1612 1153 1645 1185 et
1664 1161 1746 1187 con-

958 1194 1134 1236 fessionis
1149 1197 1218 1230 tuae
1233 1197 1348 1230 tecum
1364 1197 1433 1231 sim
1453 1208 1520 1243 per
1541 1201 1642 1233 tuam
1663 1209 1748 1243 qra-

960 1242 1051 1276 tiam
1085 1243 1244 1287 spiritus
1270 1253 1389 1288 unus;
1415 1247 1448 1280 et
1471 1246 1523 1280 sic
1547 1248 1664 1281 tecum
1685 1256 1745 1282 ero

958 1291 997 1324 in
1017 1290 1210 1335 paradiso,
1229 1291 1263 1324 si
1276 1291 1447 1328 videlicet
1461 1294 1500 1328 in
1520 1296 1619 1328 terra
1643 1305 1744 1330 amo-

958 1337 1010 1371 ris
1033 1338 1088 1372 tui
1107 1337 1260 1372 delicias
1285 1343 1439 1382 9ustem,
1463 1341 1598 1386 quibus
1619 1343 1658 1376 in
1675 1353 1746 1388 pa-

956 1385 1082 1420 radiso
1104 1386 1222 1430 reficis
1243 1388 1400 1431 spiritus
1417 1389 1639 1424 Beatorum:
1661 1400 1745 1426 vere

957 1433 1053 1467 enim
1073 1436 1223 1476 castore
1243 1434 1287 1468 de
1311 1437 1371 1469 tuo
1405 1446 1527 1472 amore
1546 1439 1599 1472 est
1625 1439 1743 1473 tecum

957 1490 1042 1516 esse.
1063 1481 1134 1516 Fac
1155 1480 1312 1525 demum,
1334 1483 1499 1528 Domine,
1523 1494 1577 1520 me
1601 1485 1657 1520 ita
1684 1486 1741 1520 vi-

956 1538 1050 1569 vere,
1078 1531 1120 1563 ut
1151 1529 1369 1574 aliquando,
1396 1541 1477 1567 cum
1512 1535 1584 1568 tuae
1605 1533 1744 1578 pietati

953 1577 1152 1621 placuerit,
1179 1575 1283 1612 decas
1320 1579 1452 1615 animae
1482 1590 1569 1616 meae
1591 1591 1600 1617 :
1623 1580 1743 1617 Hodie

956 1634 1093 1659 mecum
1115 1624 1187 1658 eris
1209 1625 1248 1659 in
1268 1625 1367 1662 coelo.

1002 1674 1046 1707 52
1079 1672 1212 1707 TERTIO
1238 1683 1354 1708 venno
1377 1674 1530 1710 Min-REM
1556 1686 1741 1714 mscithLo

954 1730 996 1755 ET
1008 1730 1219 1755 DISCIPULUM
1230 1720 1349 1755 MATRI
1361 1732 1588 1759 conunanT.
1599 1744 1645 1750 —-
1655 1726 1744 1761 Ter-

953 1766 1047 1803 tium
1065 1767 1222 1803 verbum
1242 1768 1387 1804 Domini
1405 1769 1486 1812 suit,
1501 1781 1600 1815 cum,
1617 1774 1656 1807 ut
1670 1773 1743 1809 Ma-

955 1817 1050 1850 trem
1065 1817 1101 1850 et
1116 1814 1343 1861 discipulum
1357 1815 1456 1853 inter
1470 1818 1664 1865 angustias
1678 1830 1742 1867 po-

954 1863 1046 1898 sitos
1081 1861 1300 1908 aliqualiter
1329 1866 1605 1911 consolaretur,
1637 1877 1740 1904 com-

953 1909 1740 1952 mendavitMatremsolatiodestitutamac

952 1962 1128 1994 moestam
1145 1958 1296 2005 etquasi
1312 1958 1540 1997 morientem
1552 1961 1737 2009 discipulo

952 2009 988 2041 et
1002 2005 1229 2049 discipulum
1245 2006 1366 2043 Matri.
1387 2009 1482 2045 Dicit
1501 2009 1601 2046 enim
1620 2012 1738 2047 Matri

950 2064 1025 2089 suae
1046 2066 1056 2088 .·
1077 2055 1224 2096 Mulier,
1250 2066 1326 2091 ecce
1347 2056 1567 2102 filius-tuus,
1588 2058 1660 2095 hoc
1680 2062 1737 2096 est

952 2100 1017 2147 qui
1031 2100 1103 2137 loci
1126 2101 1208 2138 Filii
1225 2101 1280 2138 tui
1301 2102 1369 2139 tibi
1386 2103 1500 2140 debet
1520 2105 1678 2153 obsequi
1699 2109 1735 2143 et

951 2148 1150 2185 affectione
1169 2149 1360 2197 conjungi.
1379 2151 1490 2194 Quasi
1509 2151 1651 2189 diceret
1668 2154 1702 2190 ei
1723 2165 1731 2190 :

951 2198 1076 2243 Usque
1107 2197 1219 2234 modo
1250 2198 1302 2234 fui
1325 2198 1561 2245 ,obsequium
1590 2200 1672 2245 tibi,
1698 2204 1736 2238 et.

949 2243 1004 2280 tui
1021 2255 1152 2281 curam
1171 2245 1305 2290 habui;
1327 2246 1391 2282 sed
1410 2246 1456 2282 de
1475 2253 1601 2284 cetero
1623 2249 1736 2285 istum

951 2291 1173 2338 derelinquo
1208 2291 1298 2338 tibi,
1327 2294 1390 2339 qui
1424 2293 1497 2330 erit
1531 2292 1613 2332 loco
1648 2295 1736 2333 mei.

950 2340 1088 2375 Deinde
1114 2340 1206 2376 dicit
1231 2340 1414 2386 discipulo
1450 2354 1461 2377 .·
1497 2344 1588 2379 Ecce
1620 2345 1740 2380 Mater

953 2391 1031 2431 tua,
1054 2388 1124 2423 hoc
1145 2391 1201 2424 e.-t
1219 2387 1278 2424 cui
1296 2388 1548 2426 reverentiam
1568 2394 1606 2427 et
1625 2391 1740 2428 servi-

951 2434 1044 2471 tium
1065 2434 1194 2477 debes,
1215 2439 1254 2471 ut
1275 2435 1376 2472 filius
1395 2437 1521 2473 matri.
1545 2438 1660 2483 Quasi
1683 2440 1738 2475 di-

953 2487 1055 2519 ceret
1076 2482 1108 2518 ei
1133 2494 1141 2518 :
1163 2484 1307 2530 Deputo
1330 2487 1366 2520 te
1391 2485 1438 2520 ad
1460 2486 1541 2531 ejus
1563 2487 1737 2534 obsequi-

953 2541 1013 2566 um
1040 2534 1077 2566 et
1101 2540 1243 2573 curam,
1265 2531 1348 2568 loco
1373 2532 1461 2569 mei.
1487 2534 1563 2570 Hoc
1585 2538 1736 2571 ternum

952 2578 1108 2614 verbum
1124 2578 1261 2615 Christi
1282 2579 1351 2615 suit
1369 2579 1543 2617 maximae
1560 2582 1738 2618 sollicitu-

951 2624 1052 2661 dinis
1085 2630 1122 2662 et
1152 2625 1321 2673 pietatis,
1349 2638 1393 2664 eo
1419 2629 1519 2674 quod
1549 2629 1587 2665 in
1620 2629 1737 2666 tantis

951 2672 1144 2710 doloribus
1156 2674 1384 2712 constitutus
1402 2675 1532 2713 Matris
1545 2677 1736 2713 moestissi-

951 2731 1022 2758 mae
1052 2732 1182 2758 curam
1210 2722 1341 2770 gessit,
1363 2726 1401 2760 et
1423 2723 1458 2761 ei
1482 2724 1529 2762 de
1559 2724 1734 2761 ministro

949 2767 1124 2816 providit.
1149 2771 1190 2806 In
1219 2781 1295 2817 quo
1322 2771 1451 2809 docuit
1478 2783 1549 2809 nos
1569 2771 1732 2820 compati
