1924 3157
624 144 765 179 INDEX
808 146 1056 181 GENERALIS
1095 147 1260 182 RERUM·

127 213 297 250 Christus
327 211 448 249 tribus
483 212 625 251 vicibus
658 215 696 251 in
728 216 904 262 passione

171 259 239 295 suit
258 259 409 302 ligatus.
771 263 836 309 lv,
862 279 905 313 29

125 306 241 343 Plura
261 307 489 346 documenta
513 308 648 346 devota
674 321 718 347 ex
741 310 801 348 his
823 313 902 349 vin-

172 354 279 390 culis.
772 358 836 404 IV,
861 374 904 407 29

123 402 176 438 De
195 403 340 439 Christo
360 402 412 439 sic
426 404 614 451 captivato
635 407 902 453 contemplatio

172 450 318 486 devota.
770 454 837 500 lv,
859 458 899 492 51

123 497 317 540 Quomodo
340 497 508 536 Christus
530 500 578 536 ad
597 501 746 538 Annam
768 502 903 539 ductus

170 544 298 582 fuerit.
770 548 836 595 1V‚
858 553 902 586 52

121 590 167 628 In
189 591 370 629 Passione
396 604 466 631 sua
489 596 619 632 novies
642 595 811 634 Christus
835 597 904 633 snit

169 639 316 677 ductus.
771 644 838 690 IV,
858 648 902 681 55

121 688 196 724 Has
211 686 407 725 ductiones
421 690 566 727 Fideles
582 693 902 738 repraesentantia

169 735 228 771 die
251 737 488 774 parasceves.
768 739 835 783 IV,
857 743 902 777 55

119 784 169 820 Ex
194 783 264 818 hac
284 783 460 822 ductione
488 786 715 823 documenta
739 790 903 834 quatuor

166 829 342 867 moralia.
765 835 833 880 IV,
856 839 901 872 55

120 879 172 915 De
203 877 376 916 examine
413 880 553 918 Christi
586 883 684 920 facto
718 884 756 920 in
787 883 900 919 domo

167 926 301 963 Annae.
764 929 834 974 IV,
855 934 900 967 55

117 975 172 1010 De
192 974 303 1020 alapa
327 975 470 1013 Christo
494 978 543 1014 ibi
565 988 587 1014 a
609 987 716 1015 servo
739 978 900 1014 Pontifi-

166 1020 218 1058 cis
240 1020 397 1058 inflicta.
767 1025 834 1071 IV,
855 1029 900 1063 56

119 1070 242 1113 Quare
272 1070 440 1107 Christus
462 1071 524 1107 hic
551 1073 801 1119 responderit,
824 1085 900 1110 non

165 1127 254 1153 vero
270 1122 311 1153 ut
326 1118 518 1165 docuerat,
530 1120 900 1165 praehueritalteram

165 1164 372 1201 maxillam.
767 1167 833 1214 IV,
855 1173 900 1205 56

117 1212 169 1248 Ex
188 1211 258 1248 hac
273 1213 384 1259 alapa
396 1212 540 1252 inflicta
557 1215 702 1252 Christo
716 1215 822 1252 varia
837 1217 902 1252 do-

165 1264 354 1297 cumenta.
762 1263 830 1306 IV,
855 1267 898 1311 57

118 1307 314 1350 Quomodo
332 1310 461 1345 Annas
484 1310 670 1346 Christum
690 1310 837 1347 remisit
852 1313 899 1348 ad

165 1355 347 1402 Caipham
361 1367 549 1394 summum
564 1359 654 1394 anni
672 1357 773 1394 illius
793 1359 899 1395 Pon—

165 1401 323 1439 titicem.
764 1405 831 1450 IV,
854 1411 897 1454 57

118 1451 170 1486 De
191 1451 295 1487 salsis
315 1452 541 1490 testimoniis
561 1453 613 1491 ibi
635 1455 769 1489 contra
791 1454 898 1490 Chri-

164 1501 261 1534 stum
282 1499 454 1545 prolatis.
648 1499 716 1544 IV,
732 1503 775 1547 57
803 1505 835 1538 et
854 1505 898 1538 58

116 1547 352 1584 Documenta
370 1546 530 1584 moralia
549 1548 623 1584 tria
640 1548 684 1584 de
704 1548 810 1585 falsis
837 1555 900 1586 te-

162 1595 365 1631 stimoniis.
765 1597 831 1643 IV,
855 1600 900 1634 58

117 1641 170 1677 De
197 1641 348 1679 silentio
379 1643 518 1680 Christi
542 1644 579 1680 in
607 1646 719 1683 domo
748 1646 899 1692 Caiphae

165 1689 298 1726 summi
329 1691 536 1739 pontificis,
561 1694 598 1728 el.
618 1694 663 1730 de
683 1693 803 1731 causis
827 1694 899 1729 hu-

160 1737 221 1783 jus
245 1737 398 1775 silentii.
765 1739 830 1787 IV,
856 1745 900 1789 59

116 1787 169 1822 De
190 1786 510 1824 condemnatione
529 1788 669 1825 Christi
687 1787 828 1826 ibidem
849 1790 900 1825 sa-

164 1837 236 1879 cta,
266 1840 302 1871 et
326 1835 552 1872 documenta
573 1836 734 1873 moralia
762 1837 809 1872 de
829 1837 900 1873 hac

163 1882 492 1920 condemnatione.
758 1883 825 1927 IV,
853 1888 898 1928 40

116 1931 168 1967 De
191 1929 343 1976 injuciis
371 1941 462 1977 quas
490 1931 660 1968 Christus
685 1931 760 1968 ista
786 1935 898 1969 nocte

164 1987 298 2025 passus
319 1982 388 2014 est.
584 1978 650 2025 IV,
670 1984 711 2024 41
737 1982 771 2015 et
788 1990 894 2026 seqq.

116 2026 169 2062 De
191 2025 438 2072 consputione
459 2025 569 2063 faciei
589 2027 741 2073 Christi,
767 2030 804 2063 et
823 2028 897 2063 duo

164 2073 390 2109 documenta
411 2084 455 2109 ex
473 2085 531 2110 ea.
763 2073 830 2120 IV,
852 2078 893 2119 41

104 2122 168 2158 „De
200 2121 325 2157 velata
363 2121 504 2158 Christi
540 2121 634 2158 facie
670 2122 898 2158 documenta

164 2167 338 2205 moralia.
763 2168 830 2215 IV,
853 2173 897 2214 42

117 2217 168 2252 Ex
187 2216 428 2263 percussione
449 2215 487 2252 in
506 2215 599 2253 facie
617 2216 758 2254 Christi
779 2217 895 2254 docn-

164 2268 291 2300 menta
316 2263 488 2300 moralia.
760 2264 827 2310 IV,
851 2269 896 2309 45

117 2312 349 2348 Documenta
369 2311 528 2348 moralia
543 2311 590 2348 de
604 2311 813 2349 ludibriosa
834 2323 895 2349 ex-

164 2359 348 2405 petitione
366 2360 633 2406 prophetandi.
761 2359 829 2406 IV,
851 2364 896 2405 44

118 2406 263 2453 Figurae
284 2407 471 2443 illusionis
495 2408 647 2444 Christi.
762 2407 830 2453 IV,
851 2411 896 2452 45

117 2455 259 2491 Devota
283 2455 328 2491 de
350 2456 393 2490 iis
415 2455 620 2491 meditatio.
644 2454 711 2499 IV,
727 2459 773 2499 44
798 2459 831 2491 et
852 2459 895 2500 45

116 2502 344 2548 Negationes
368 2502 480 2539 Petri.
582 2501 648 2547 IV,
669 2506 714 2547 45
736 2508 769 2539 et
790 2514 894 2549 seqq.

118 2549 172 2586 De
207 2549 322 2596 gestis
361 2560 471 2587 mane
509 2550 547 2586 in
587 2550 701 2587 domo
746 2551 897 2596 Caiphze

167 2597 374 2634 Pontisieis.
583 2597 648 2639 IV,
673 2601 712 2635 51
735 2602 767 2634 et
788 2609 894 2646 seqq.

119 2644 315 2687 Quomodo
351 2646 537 2683 Christum
575 2646 813 2683 adduxerunt
851 2647 899 2682 ad

167 2692 344 2730 Pilatum.
760 2693 827 2739 IV,
853 2699 895 2730 52

120 2739 171 2775 De
192 2740 434 2778 accusatione
454 2743 593 2779 Christi
615 2741 714 2780 facta
731 2741 770 2778 in
787 2742 898 2778 domo

167 2787 278 2825 Pilati
294 2788 483 2827 Praesidis.
771 2789 839 2835 IV,
855 2792 898 2826 55

1668 181 1672 186 .
1700 149 1761 184 355

980 218 1033 254 De
1045 217 1342 264 interrogatione
1351 215 1462 255 Pilati
1472 217 1648 258 Praesidis
1657 221 1764 259 Chri-

1026 268 1080 301 sto
1096 266 1206 302 sacta.
1627 267 1694 311 lv,
1716 273 1760 307 55

980 312 1032 348 De
1065 314 1177 359 gestis
1196 313 1234 350 iu
1270 314 1382 351 domo
1410 315 1568 352 Herodis
1594 317 1761 355 Galilaeae

1026 361 1140 406 regis.
1440 361 1507 408 IV,
1531 367 1574 412 59
1598 369 1632 402 et
1652 376 1757 412 seqq.

979 408 1030 443 De
1046 407 1286 445 accusatione
1305 410 1449 446 Christi
1467 421 1595 449 coram
1612 414 1763 450 Herode

1028 454 1140 491 facta.
1627 459 1694 504 IV,
1715 464 1760 497 60

979 502 1174 546 Quomodo
1206 504 1373 540 Christus
1399 506 1446 542 ab
1474 507 1621 544 Herode
1648 510 1685 544 et
1714 509 1761 546 ab

1025 550 1127 586 omni
1148 552 1314 587 exercitu
1344 551 1462 598 ipsius
1490 558 1640 600 spretus
1661 558 1698 591 et
1718 555 1762 591 il-

1025 597 1130 634 lusus
1154 598 1281 635 suerit.
1627 601 1694 647 IV,
1717 606 1758 640 61

978 645 1029 682 De
1063 645 1134 682 hae
1167 645 1341 684 illusione
1369 648 1510 686 Christi
1534 650 1763 687 documenta

1025 691 1200 729 moralia.
1629 696 1696 744 IV,
1716 701 1760 734 62

977 742 1028 777 De
1046 741 1188 776 Christi
1211 741 1432 780 reductione
1458 744 1505 781 ab
1536 745 1686 781 Herode
1715 745 1763 781 ad

1024 788 1202 825 Pilatum.
1507 791 1573 836 IV,
1595 795 1638 828 65
1659 795 1692 828 et
1712 795 1757 829 65

975 837 1028 872 De
1044 836 1195 872 silentio
1210 836 1450 876 Christidum
1463 838 1513 876 ibi
1531 840 1578 876 ab
1595 839 1763 876 inimicis

1023 886 1235 922 accusatur.
1629 886 1697 932 1V,
1717 890 1761 924 65

976 931 1157 967 Rationes
1181 931 1291 977 hujus
1314 933 1467 970 silentii.
1626 933 1693 979 IV,
1717 937 1761 972 65

975 978 1170 1022 Quomodo
1196 979 1366 1017 Christus
1386 982 1566 1019 Barrabae
1588 982 1636 1018 sit
1659 985 1761 1028 post-

1023 1026 1178 1071 positus.
1625 1029 1693 1074 IV,
1716 1033 1759 1077 67

974 1073 1024 1108 Ex
1035 1075 1115 1141 ι,ὶιεξα
1136 1073 1322 1112 electione
1339 1077 1415 1113 duo
1430 1077 1760 1161 documentavmgg

976 1132 1033 1204 Del
1044 1122 1192 1206 &iniisti
1210 1170 1481 1217 flagellatione.
1628 1124 1697 1216 {V}
1715 1175 1760 1220 69

974 1216 1026 1251 De
1057 1216 1282 1262 spoliatione
1308 1219 1471 1256 vestium
1503 1220 1645 1257 Christi
1673 1223 1762 1256 ante

1021 1263 1334 1309 flagellationem.
1626 1265 1693 1312 IV,
1716 1282 1761 1315 70

974 1311 1024 1346 Ex
1045 1311 1116 1347 hac
1134 1312 1295 1349 vestium
1312 1313 1539 1360 spoliatione
1556 1314 1761 1351 documen-

1022 1361 1060 1394 ta
1080 1359 1253 1397 moralia.
1620 1361 1688 1408 IV,
1714 1378 1759 1410 70

974 1407 1026 1443 De
1051 1406 1307 1453 flagellatione
1336 1408 1476 1445 Christi
1502 1408 1638 1446 devota
1662 1421 1760 1446 con-

1020 1453 1231 1498 templatio.
1627 1456 1694 1501 IV,
1714 1473 1755 1504 71

974 1502 1028 1536 De
1051 1501 1227 1538 columna
1248 1501 1307 1537 cui
1330 1503 1499 1541 Christus
1526 1503 1565 1540 in
1586 1504 1760 1552 flagella-

1023 1548 1126 1585 tione
1144 1548 1213 1585 fuit
1226 1550 1375 1586 affixus.
1623 1551 1691 1600 IV,
1714 1569 1755 1600 71

975 1596 1258 1642 Flagellationis
1277 1597 1419 1634 Christi
1431 1598 1563 1646 figurae
1578 1598 1618 1636 in
1632 1601 1758 1638 Veteri

1022 1645 1277 1682 Testamento.
1624 1646 1688 1692 IV,
1713 1662 1757 1695 72

975 1692 1026 1727 Ex
1059 1691 1315 1738 flagellatione
1353 1694 1494 1731 Christi
1529 1695 1759 1733 documenta

1022 1739 1194 1776 moralia.
1622 1742 1689 1789 IV,
1712 1758 1756 1791 72

973 1788 1026 1823 De
1052 1798 1242 1834 purpurea
1267 1792 1371 1825 veste
1395 1791 1431 1825 et
1452 1790 1651 1838 chlamyde
1670 1802 1756 1829 coc-

1022 1836 1131 1872 cinea
1146 1845 1169 1871 a
1189 1836 1334 1872 Christo
1357 1835 1504 1874 induta.
1620 1837 1687 1881 IV,
1712 1843 1756 1886 75

974 1881 1068 1925 Quid
1089 1883 1169 1919 haec
1186 1882 1299 1919 vestis
1320 1883 1457 1929 signet.
1622 1885 1691 1932 IV,
1712 1890 1756 1934 75

976 1930 1143 1966 Christus
1177 1931 1216 1967 in
1250 1930 1431 1968 Passione
1463 1943 1528 1968 sua
1566 1936 1756 1980 quomodo

1019 1977 1196 2014 habuerit
1231 1978 1359 2015 omnia
1386 1978 1609 2017 indumenta
1626 1981 1757 2018 Ponti-

1019 2024 1156 2061 ficalia.
1618 2027 1688 2073 IV,
1708 2033 1752 2067 61

971 2074 1023 2109 De
1045 2072 1178 2126 spinea
1207 2084 1350 2111 corona
1376 2074 1491 2122 capiti
1517 2076 1660 2112 Christi
1679 2076 1755 2113 im-

970 2123 1378 2206 Expffiffibronatione
1401 2170 1541 2207 Christi
1561 2123 1756 2208 vagari

1020 2220 1211 2252 eumenta.
1626 2217 1694 2265 IV,
1710 2223 1757 2266 74

971 2264 1023 2299 De
1037 2263 1225 2300 arundine
1238 2263 1410 2301 manibus
1426 2263 1689 2311 imposita.IV‚
1711 2271 1757 2314 74

971 2312 1021 2346 Ex
1048 2311 1119 2347 hoc
1146 2315 1294 2357 sceptro
1319 2312 1519 2350 arundinis
1544 2313 1756 2351 documen-

1021 2362 1099 2394 tum
1126 2359 1284 2396 morale.
1616 2361 1685 2407 lV,
1707 2365 1753 2410 75

972 2406 1133 2450 Quinam
1168 2406 1359 2445 Christum
1396 2407 1583 2445 arundine
1622 2419 1755 2454 percu-

1020 2456 1128 2490 tiant.
1616 2456 1684 2499 IV,
1709 2473 1753 2505 77

972 2502 1024 2537 Dc
1043 2501 1216 2539 illusione
1231 2513 1344 2549 quam
1362 2514 1492 2550 passus
1510 2506 1566 2541 est
1585 2504 1756 2541 Christus

1022 2550 1058 2584 in
1080 2549 1190 2586 domo
1213 2550 1337 2597 Pilati,
1364 2556 1401 2588 et
1422 2563 1466 2589 ex
1493 2563 1536 2588 ea
1558 2552 1663 2589 varia
1687 2553 1754 2589 do-

1021 2601 1210 2634 cumenta.
1494 2598 1561 2643 IV,
1586 2603 1629 2648 75
1657 2604 1691 2636 et
1709 2615 1752 2649 77
1786 2605 1790 2609 '

974 2645 1243 2682 Cominationis
1269 2649 1305 2683 et
1327 2646 1516 2684 illusionis
1543 2648 1683 2685 Christi
1714 2650 1754 2683 ti-

1022 2703 1143 2739 gurae.
1620 2695 1686 2740 IV,
1708 2710 1752 2743 77

975 2741 1028 2777 De
1055 2740 1254 2778 eductione
1283 2743 1423 2780 Christi
1449 2743 1549 2780 foras
1573 2754 1595 2779 a
1618 2742 1751 2786 Pilato,

1023 2789 1116 2826 etde
1129 2789 1342 2828 ostensione
1353 2791 1434 2838 ejus
1445 2791 1599 2839 populo.
1628 2788 1694 2837 IV,
1708 2793 1753 2836 78
