1924 3157
174 178 193 188 ρ,

177 258 241 284 cor
269 246 458 294 lapideum
491 249 623 291 reputa
650 248 686 281 te
727 246 880 282 habere.
903 247 947 282 Et

176 298 266 331 tunc
287 292 538 330 exclamabis:
562 292 589 328 Ο
617 292 704 327 bone
721 294 819 336 Jesu,
858 304 945 339 quo-

176 343 280 377 modo
302 346 340 376 tu
360 341 560 376 denudaris
581 341 646 384 qui
665 341 781 375 nudos
803 342 909 376 vestis
929 342 946 376 Σ)

177 389 358 432 Quomodo
397 392 434 423 tu
467 387 612 430 liparis,
634 388 698 431 qui
730 388 948 433 compeditos

176 437 302 475 solt-is,
332 439 364 470 et
399 436 531 478 ligatos
553 444 575 468 a
599 434 821 469 daemonibus
843 439 876 470 et
902 435 947 469 ab

177 482 456 526 infirmitatibus
477 481 637 516 detentos
661 481 795 516 liberas
816 483 834 516 ?
860 482 949 524 Quo-

178 529 284 564 modo
303 533 341 563 tu
357 529 573 572 slaqellaris,
590 529 654 573 qui
671 538 735 563 nos
753 539 775 563 α
794 530 950 572 sloqellis

179 577 276 610 eruis
295 577 312 610 ἶ)
333 575 422 618 Quis
441 576 518 618 fuit
538 576 602 610 ille
622 579 696 610 tam
724 576 864 618 auda-v,
886 576 950 620 qui

178 625 212 657 te
234 623 409 668 spoliarit
428 624 445 657 ?
485 621 572 664 Quis
611 626 684 657 tam
724 624 949 665 temerarius,

180 671 247 714 qui
265 669 314 704 ud
328 670 530 704 columnam
545 672 577 703 te
595 669 751 712 ligavit?
769 669 856 711 Quis
877 673 948 704 tam

178 718 392 760 sactdleyus,
415 718 479 761 qui
501 720 532 750 te
551 716 752 760 sluyellacit
768 719 785 750 ἱ)
805 716 876 752 Sed
898 719 949 756 tu,

182 763 245 799 Sol
262 763 432 808 justitiae,
460 767 539 798 tuos
568 763 690 797 radios
716 763 950 805 subere-imisit,

182 814 216 845 et
235 811 315 845 ideo
338 815 422 846 sunt
460 809 612 845 tenebrae
647 820 688 844 ac
726 810 952 844 tenebrarum

178 861 401 902 potestate33
420 868 539 892 omnes
555 859 639 891 sunt
660 860 691 890 te
709 858 950 902 potentiorem

180 904 285 939 nobis
317 905 539 939 debebantur
558 904 704 947 flogella
735 908 874 938 aeternae
894 904 952 946 af-

181 953 369 996 flictionis,
387 957 424 986 tu
442 951 626 996 flagellari
642 951 793 985 voluisti
809 961 875 995 pro
895 961 954 984 no-

185 998 252 1041 bis,
277 1002 317 1033 ut
341 1009 406 1034 nos
431 1001 482 1033 sic
508 998 791 1033 misericorditer
816 1007 954 1032 erueres

184 1045 230 1080 ab
250 1046 341 1081 illis.

235 1107 275 1128 10
291 1093 595 1128 FLAGELLATIONJS
609 1093 793 1128 Douma:
805 1103 954 1128 mennas.

182 1158 229 1167 —
239 1139 456 1185 Flagellatio
475 1138 621 1176 Domini
634 1139 876 1185 praefigurata
890 1139 958 1175 suit

182 1196 252 1232 per
267 1186 406 1223 Achior
426 1186 636 1233 principem
654 1186 810 1231 ligatum
832 1186 879 1222 ad
901 1196 956 1221 ar-

185 1235 329 1269 borem.
353 1234 492 1269 Achior
514 1234 653 1279 ligatus
679 1233 750 1269 t'uit
777 1233 824 1269 ad
844 1234 955 1269 arho-

183 1291 265 1316 rem
281 1291 346 1326 per
366 1281 620 1327 Holophernis
636 1280 830 1324 satellites,
851 1280 956 1316 Chri-

184 1330 262 1363 stus
285 1327 333 1363 ad
357 1327 569 1363 columnam
581 1338 648 1373 per
671 1327 778 1363 Pilati
798 1327 956 1370 milites;

183 1373 321 1410 Achior
347 1379 502 1420 propter
514 1375 710 1410 veritatem
723 1384 835 1420 quam
854 1374 957 1410 dixe—

186 1425 246 1456 rat
274 1420 343 1457 suit
360 1421 511 1467 ligatus,
536 1422 708 1458 Christus
720 1425 873 1467 propter
900 1431 957 1456 ve-

184 1467 335 1504 ritatem
351 1478 465 1513 quam
489 1468 775 1514 praedicaverat,
798 1469 866 1504 suit
893 1469 959 1504 ssa—

184 1515 371 1561 gellatus;
392 1516 531 1551 Achior
555 1515 757 1561 ligabatur,
779 1515 869 1561 quia
889 1526 958 1551 no-

185 1561 254 1598 luit
273 1562 502 1608 Holoplierni
522 1563 623 1608 loqui
638 1563 838 1609 placentia,
858 1561 961 1599 Chri-

187 1612 279 1653 stus,
309 1609 399 1655 quia
424 1610 667 1656 reprehendit
698 1610 848 1646 Judaeos
875 1621 958 1645 cuin

187 1666 319 1692 eorum
328 1656 565 1701 displicentia
575 1670 581 1699 ;
593 1656 873 1703 Achiorligatus
889 1661 959 1701 est,

189 1702 279 1749 quia
305 1703 464 1748 gloriam
491 1703 638 1739 Domini
678 1704 959 1749 magnificabat,

188 1749 359 1786 Christus
387 1750 597 1797 flagellatus
620 1754 691 1795 est,
715 1752 802 1797 quia
825 1761 960 1787 nomeu

189 1796 313 1832 Patris
335 1798 389 1833 sui
411 1797 691 1834 manifestabat.
715 1818 760 1824 —
778 1799 959 1843 Flagella-

188 1842 241 1879 tio
265 1843 378 1879 etiam
399 1844 536 1880 Christi
562 1844 600 1880 in
623 1845 876 1890 flagellatione
896 1846 960 1880 Je-

190 1892 319 1926 remiae
340 1891 586 1944 praefigurata
609 1891 692 1936 fuit,
711 1902 824 1938 quem
842 1893 960 1928 Phas-

193 1947 260 1973 sur
277 1938 494 1983 ssagellaVit.

243 2000 254 2020 i
267 2000 278 2020 1
297 1987 474 2021 SoLviTun
487 1987 661 2022 Cniusrus
672 1998 694 2022 A
705 1998 882 2031 COLUMNA,
892 1999 961 2024 ouo

190 2043 400 2068 DOCUMENTA
435 2045 478 2068 ΕΚ
513 2045 625 2069 IPSIUS
659 2045 961 2079 FLAGELLATloNE‚

189 2090 298 2115 *crus
314 2090 619 2116 CONFORMATIONIS
631 2093 672 2116 ET
685 2093 827 2117 ouum.
838 2103 883 2107 —
901 2084 965 2118 So-

189 2126 267 2162 luto
286 2130 413 2162 autem
430 2128 587 2163 Domino
603 2139 624 2163 a
641 2128 816 2165 columna
833 2130 962 2176 ssagel-

190 2173 357 2217 lationis,
385 2174 526 2210 ducunt
546 2185 631 2211 eum
655 2174 708 2211 sic
725 2176 881 2220 nudum,
910 2176 962 2212 sic

190 2221 436 2266 flagellatum,
457 2232 525 2267 per
544 2222 713 2267 domum,
742 2233 807 2267 pro
828 2223 963 2270 pannis

191 2267 268 2303 suis
286 2267 522 2314 colligendis,
546 2268 606 2314 qui
632 2269 792 2316 sparsim
816 2281 883 2317 per
901 2271 963 2306 do-

189 2324 291 2350 mum
309 2315 356 2351 ab
376 2315 689 2361 exspoliator-ibus
706 2317 862 2363 projecti
881 2318 962 2354 fue-

188 2365 287 2396 rant.
311 2363 462 2398 Intuere
482 2363 576 2399 bene
594 2374 679 2399 eum
699 2364 751 2399 sic
765 2365 963 2409 afflictum,

187 2408 316 2454 sicque
328 2412 549 2445 trementem
563 2414 718 2456 propter
729 2411 860 2457 frigus,
876 2414 964 2458 quia

186 2455 310 2490 hiems
348 2460 443 2491 erat.
483 2458 644 2493 Attende
682 2458 894 2504 diligenter,
927 2463 965 2495 et

187 2501 387 2538 considera
408 2506 550 2538 statum
570 2505 652 2550 ejus
666 2504 705 2540 in
718 2506 866 2541 actibus
886 2507 962 2542 sin-

187 2548 299 2596 gulis,
313 2554 351 2584 ut
365 2549 496 2586 intime
514 2551 766 2596 compatiaris,
789 2563 831 2588 ac
853 2552 962 2589 simul

184 2596 372 2643 pascaris3
402 2600 529 2633 averte
550 2602 676 2634 autem
697 2610 900 2646 parumper
920 2611 961 2636 o·

186 2644 290 2679 culos
313 2655 334 2679 a
355 2643 564 2688 divinitate,
587 2648 624 2680 et
639 2656 723 2681 eum
744 2657 878 2692 purum
893 2647 961 2683 ho-

186 2690 328 2727 minem
356 2690 572 2735 considera,
603 2695 640 2727 et
679 2693 823 2730 videbis
845 2695 961 2740 juve—

185 2747 273 2773 nem
289 2739 519 2784 elegantem,
541 2738 834 2785 nobilissimum,
854 2741 961 2777 inno-

186 2784 448 2821 centissimum
460 2789 497 2821 et
507 2785 826 2833 amantissimum,
839 2792 961 2825 totum

183 177 213 210 sl
632 177 840 210 SECUN'DAE
881 178 1033 212 PARTis
1071 177 1208 211 CAPUT
1248 176 1343 210 LXll

1021 247 1268 292 flagellatum,
1287 249 1324 281 et
1340 243 1524 291 sanguine
1540 241 1794 286 livoribusque

1021 303 1249 339 respersum,
1259 303 1405 338 pannos
1417 302 1504 328 suos
1513 289 1677 335 undique
1687 298 1794 334 spar-

1022 342 1092 376 sim
1115 342 1299 386 projectos
1316 339 1362 375 de
1382 342 1485 374 terra
1504 337 1737 382 recolligere,
1760 337 1798 371 et

1023 398 1107 424 cum
1135 388 1297 433 quadam
1333 385 1561 422 verecundia
1599 387 1635 420 et
1660 382 1798 418 rubore

1023 435 1164 471 nudum
1187 444 1313 470 coram
1330 433 1406 469 illis
1427 442 1575 477 semper
1594 430 1717 476 ipsum
1738 429 1800 464 de-

1022 481 1233 518 ridentibus
1249 492 1288 516 se
1297 479 1493 524 revestire,
1507 489 1550 515 ac
1562 477 1591 513 si
1608 480 1704 513 toret
1718 485 1799 512 om·

1026 530 1128 564 nium
1154 528 1322 568 infimus,
1345 538 1367 563 a
1405 528 1481 563 Deo
1509 524 1727 567 derelictuS,
1763 526 1800 558 et

1026 575 1127 612 omni
1148 575 1286 612 auxilio
1304 573 1517 610 destitutus.
1541 574 1690 607 Intuere
1709 579 1798 614 ergo

1027 634 1111 659 eum
1143 622 1356 669 diligenter,
1378 632 1420 657 ac
1455 619 1596 667 pietate
1632 620 1668 654 et
1697 626 1802 652 com-

1028 669 1201 715 passione
1245 668 1446 705 movearis.
1486 668 1630 703 Redeas
1669 667 1802 710 postea

990 749 992 757 .
1027 717 1074 753 ad
1086 716 1336 755 divinitatem.
1349 721 1386 751 et
1397 713 1595 751 considera
1610 712 1714 748 illam
1733 709 1799 745 im-

991 798 993 801 .
1029 774 1213 807 mensam,
1239 768 1420 799 aeternam
1448 766 1485 798 et
1510 759 1798 806 incomprehen-

1027 811 1189 854 sibilem,
1208 814 1245 847 et
1259 808 1545 856 imperatoriam
1563 809 1801 856 majestatem

1029 858 1280 902 incarnatam,
1304 868 1341 893 se
1364 858 1595 898 flectenti-m,
1616 857 1654 889 et
1679 855 1802 889 humi-

1028 906 1115 941 liter
1134 905 1181 941 ad
1215 910 1352 941 terram
1376 904 1639 945 inclinantem,
1657 908 1802 951 pannos

1030 951 1326 998 recolligentem,
1353 956 1390 987 et
1419 962 1457 987 se
1484 960 1566 985 cuin
1585 950 1803 1001 'reverentia

1030 1003 1067 1036 et
1093 1000 1230 1035 rubore
1253 998 1428 1035 similiter
1458 999 1737 1037 revestientem,
1761 1002 1804 1028 ac

1033 1048 1062 1083 si
1079 1050 1178 1083 esset
1190 1047 1300 1082 homo
1319 1045 1539 1087 vilissimus,
1560 1045 1633 1078 imo
1651 1043 1804 1092 quidam

1033 1104 1163 1130 servus
1184 1093 1391 1140 emptitius,
1416 1093 1486 1129 sub
1512 1091 1663 1127 illorum
1683 1088 1804 1140 domi-

1034 1140 1097 1177 nio
1120 1140 1364 1183 constitutus,
1391 1144 1427 1176 et
1448 1140 1495 1176 ab
1515 1139 1656 1190 eis-pro
1677 1138 1804 1179 aliquo

1035 1198 1188 1224 excessu
1210 1192 1405 1234 correptus
1442 1190 1479 1222 et
1498 1187 1712 1230 castigatus,
1741 1183 1804 1217 In-

1035 1239 1141 1271 tuere
1158 1240 1195 1271 et
1217 1246 1315 1271 nunc
1333 1245 1420 1270 eum
1440 1232 1653 1279 diligenter,
1672 1240 1715 1265 ac
1735 1228 1804 1264 hu-

1034 1282 1234 1318 militatem
1246 1293 1352 1318 suam
1364 1280 1568 1321 admirare,
1587 1281 1624 1314 et
1641 1286 1708 1324 pro
1724 1285 1807 1328 pos-

1035 1340 1075 1366 se
1092 1329 1254 1366 imitare.
1272 1329 1486 1366 Secundum
1504 1327 1676 1363 eamdem
1691 1331 1805 1359 etiam

1033 1376 1375 1412 considerationem
1401 1374 1539 1411 intueri
1570 1376 1678 1420 potes
1700 1380 1805 1406 eum-

1034 1425 1133 1468 dem,
1147 1434 1229 1459 cum
1249 1427 1331 1469 post
1348 1421 1627 1459 coronationem
1641 1426 1808 1465 purpura

1034 1470 1216 1516 spoliatus
1231 1481 1269 1506 se
1289 1468 1571 1506 vultrevestire.
1591 1469 1641 1502 Ex
1657 1466 1728 1502 hoc
1746 1474 1806 1500 ar-

1034 1518 1148 1554 ticulo
1168 1517 1434 1565 flagellationis
1454 1513 1724 1552 habenturduo
1745 1513 1808 1547 do-

1035 1571 1222 1602 cumenta.
1246 1586 1290 1591 —-
1322 1564 1490 1601 Primum
1517 1566 1588 1606 est,
1613 1559 1713 1607 quod
1738 1568 1807 1594 nos

1036 1613 1186 1658 flagella
1206 1613 1271 1649 Dei
1292 1612 1453 1648 libenter
1466 1611 1648 1647 debemus
1667 1606 1805 1658 suffer-

1036 1671 1090 1703 re,
1115 1663 1155 1696 ut
1189 1659 1450 1705 unusquisque
1488 1660 1665 1710 nostrum·
1692 1656 1808 1700 possit

1036 1717 1121 1743 cum
1146 1707 1345 1743 Psalmista
1369 1707 1523 1743 dicere:
1548 1705 1726 1748 Quomam
1745 1710 1809 1752 eqo

1035 1757 1075 1789 in
1095 1755 1242 1798 flayella
1263 1759 1418 1800 paratus
1454 1763 1558 1795 sum;
1587 1753 1624 1786 et
1658 1751 1807 1800 merito,

1035 1800 1137 1847 quia,
1153 1800 1183 1837 si
1206 1801 1339 1837 unicus
1355 1801 1419 1838 Dei
1434 1799 1550 1836 Filius
1570 1801 1722 1844 paratus
1741 1794 1810 1829 fuit

1036 1848 1224 1894 suscipere
1238 1847 1276 1883 in
1297 1860 1336 1885 se
1352 1851 1480 1884 nostra
1494 1844 1643 1892 flagella
1659 1853 1703 1878 ex
1719 1842 1807 1894 olie-

1036 1895 1179 1931 dientia
1199 1895 1333 1939 Patris,
1367 1907 1433 1932 cur
1458 1898 1496 1931 et
1520 1903 1589 1929 nos
1628 1890 1806 1935 adoptivi,

1037 1953 1112 1978 non
1133 1953 1298 1979 essemus
1333 1941 1454 1988 parati
1478 1941 1637 1977 sufferre
1657 1935 1809 1982 flagella

1037 1990 1205 2036 ejusdem
1229 1991 1362 2035 Patris,
1390 2000 1473 2036 quae
1496 1988 1574 2035 ipse
1600 1996 1667 2033 per
1691 1994 1730 2020 se
1750 1983 1808 2018 vel

1038 2048 1105 2084 per
1131 2037 1337 2082 ministros,
1374 2048 1438 2073 seu
1465 2035 1717 2086 instrumenta
1743 2040 1810 2066 sua

1041 2084 1163 2120 media
1183 2085 1291 2120 nobis
1314 2082 1607 2120 misericorditer
1640 2080 1808 2124 infligere

1040 2131 1232 2178 dignatur,
1243 2133 1288 2167 ad
1298 2133 1602 2168 emendationem
1616 2124 1809 2164 nostram?

1001 2209 1003 2218 .
1039 2180 1145 2222 Nam,
1167 2181 1372 2215 secundum
1396 2178 1611 2224 Sapientem
1637 2178 1674 2210 et
1707 2175 1808 2219 Apo—

1040 2227 1176 2261 stolum
1195 2226 1327 2269 :Quem
1347 2227 1474 2270 dz'liqit
1498 2228 1606 2266 Deus,
1630 2223 1807 2265 castiqat;

1036 2274 1201 2318 flayellat
1213 2277 1333 2308 autem
1349 2284 1485 2308 omnem
1499 2274 1616 2317 filium
1632 2279 1736 2315 quem
1750 2277 1808 2303 re-

1037 2322 1140 2365 cipit.
1155 2340 1199 2346 —-
1212 2320 1421 2356 Secundum
1434 2322 1504 2361 est,
1527 2317 1628 2365 quod
1643 2317 1809 2367 diligen-

1037 2370 1095 2402 ter
1114 2377 1326 2410 caveamus,
1346 2378 1392 2403 ne
1409 2370 1446 2403 et
1467 2377 1534 2402 nos
1552 2365 1688 2401 iterato
1709 2363 1812 2414 Cliri-

1038 2417 1137 2450 stum
1164 2414 1412 2460 flagellemus,
1437 2417 1527 2460 quot
1562 2413 1604 2448 fit
1644 2415 1809 2457 quoties-

1038 2471 1199 2507 cumque
1234 2460 1445 2497 mortaliter
1485 2469 1693 2507 peccamus.
1719 2457 1810 2493 Cum

1038 2507 1138 2544 enim
1160 2508 1329 2545 Christus
1347 2508 1558 2554 flagellatus
1577 2506 1625 2543 sit
1639 2516 1708 2552 pro
1723 2514 1809 2550 pec-

1037 2555 1130 2591 catis
1157 2555 1311 2598 nostris,
1340 2557 1658 2601 quandocumque
1676 2561 1810 2598 pecca—

1037 2613 1133 2647 mus,
1149 2605 1239 2639 tunc
1264 2602 1414 2639 Cliristo
1446 2612 1561 2639 unum
1599 2601 1714 2652 ictum
1738 2599 1806 2652 ssa-

1035 2649 1137 2695 gelli,
1160 2654 1341 2695 quantum
1363 2649 1402 2685 in
1429 2649 1537 2685 nobis
1568 2652 1637 2689 est,
1663 2649 1807 2682 incuti—

1036 2707 1146 2741 miis3
1168 2697 1262 2733 sicut
1283 2697 1486 2743 Apostolus
1507 2697 1553 2731 de
1579 2693 1806 2741 quibusdam

1038 2743 1129 2779 dicit
1147 2755 1155 2779 ε
1177 2746 1335 2780 Rursum
1363 2746 1609 2790 crucifiqentes
1619 2743 1658 2776 in
1677 2743 1806 2775 semet·

1035 2791 1128 2836 ipsis
1156 2792 1291 2826 Filium
1323 2793 1402 2827 Dei.
1431 2811 1476 2818 —
1495 2790 1550 2826 Ad
1570 2789 1807 2826 conforman-
