1924 3157
518 145 568 179 nt:
607 145 768 180 TERTIA
805 144 847 177 IN
886 143 1096 178 PAssloNE
1137 143 1305 176 noittNt.
1688 137 1727 170 75

97 225 141 253 ac
160 215 286 262 ipsum
304 225 424 261 regno
448 226 607 252 vacuum
629 228 640 251 :
663 226 736 251 non
761 217 876 250 atten-

97 263 246 307 dentes,
281 263 382 309 quod
420 263 500 310 ipse
537 263 682 300 dixerat
716 272 875 308 regnum

96 321 205 347 suum
226 321 300 346 non
325 320 406 346 esse
445 311 491 347 de
526 312 595 347 hoc
628 310 782 353 mundo,
809 309 874 346 sed

95 357 134 394 in
149 357 222 393 alio
239 358 391 398 mundo,
407 358 548 394 scilicet
561 357 795 402 aeternitatis,
812 356 874 393 ubi

95 415 252 452 regnum
277 410 333 442 est
360 406 630 442 firmissimum.
654 427 698 432 —
730 406 780 440 Ex
802 405 873 440 hoc

95 453 256 489 articulo
280 453 445 490 trahitur
465 454 749 496 documentum,
772 451 874 498 quod

95 511 166 536 nos
188 501 385 537 attendere
407 502 604 543 debemus,
636 511 704 536 nos
730 510 774 536 ex
797 510 874 535 no-

95 547 155 584 bis
175 559 259 584 esse
281 548 455 584 infirmos
474 553 511 585 et
533 547 755 593 fragiles,ac
769 546 873 582 omni

95 595 196 632 bono
219 606 371 639 vacuos,
410 595 481 631 nisi
510 595 666 631 dextera
704 594 770 631 Dei
804 604 873 629 nos

95 653 209 679 manu
237 646 386 687 teneat3
414 643 507 679 sicut
524 643 668 679 arundo
691 642 730 678 in
751 652 788 677 se
805 641 871 677 ha-

95 690 159 727 bet
179 690 407 726 vacuitatem
427 694 464 726 et
483 689 872 733 imbecillitatem,sed

94 747 210 774 manu
242 737 381 774 Christi
413 738 651 784 apprehensa
682 737 869 773 firmatur.

95 784 238 821 Idcirco
262 795 367 831 ergo,
387 789 427 821 ut
444 785 727 829 dicitHz'larius,
744 785 871 820 Domi-

95 842 164 868 nus
184 836 315 869 noster
337 832 566 869 arundinem
585 832 622 868 in
635 833 790 869 dextera
808 835 872 868 te-

94 890 185 917 nere
206 880 338 925 voluit,
360 885 399 917 ut
421 891 489 927 per
506 881 577 916 hoc
599 880 818 916 ostenderet
832 889 872 915 se

96 937 165 963 nos
186 927 354 974 fragiles.
373 939 510 964 vacuos
535 932 572 964 et
599 928 771 964 infirmos
793 937 871 963 ma-

96 985 147 1011 nu
166 978 311 1019 tenere,
330 979 367 1012 et
381 976 559 1013 omnibus
574 975 684 1012 bonis
698 975 870 1022 implere.

94 1023 203 1066 Item,
236 1023 382 1059 arundo
422 1023 499 1059 sive
527 1023 708 1067 calamus,
732 1026 787 1058 est
812 1021 871 1057 in-

94 1073 343 1107 strumentum
359 1070 568 1115 scribendi,
589 1070 797 1113 etidcirco,
819 1080 874 1105 se-

93 1118 257 1154 cundum
276 1120 555 1164 Hieronymum,
579 1118 750 1155 Christus
773 1117 872 1153 cala-

93 1175 196 1202 mum
223 1165 262 1201 in
289 1176 402 1203 manu
429 1166 561 1202 dextra
583 1169 713 1202 tenere
739 1165 870 1210 voluit,

94 1216 136 1249 ut
160 1212 400 1260 sacrilegium
419 1214 638 1250 Judaeorum
674 1212 872 1257 scriberet,

97 1263 135 1297 et
153 1261 368 1298 ostenderet
389 1272 429 1298 se
450 1261 556 1298 illum
579 1271 675 1305 esse,
699 1260 761 1306 qui
789 1260 873 1296 ele-

95 1312 177 1345 etos
197 1319 287 1345 suos
307 1308 492 1346 scriberet
515 1309 555 1345 in
579 1308 675 1345 libro
697 1308 796 1344 vitae.
818 1310 872 1344 Je-

94 1366 150 1400 su,
172 1358 238 1402 qui
251 1358 470 1392 arundinem
488 1368 554 1403 pro
571 1361 713 1402 sceplro
728 1358 767 1391 in
785 1356 873 1392 deat-

96 1407 174 1440 tera
196 1404 267 1440 tibi
283 1405 368 1440 dari
388 1406 552 1449 voluisti,
569 1405 870 1448 imbecillitatem,

97 1462 231 1498 quaeso,
258 1463 374 1488 meam
406 1453 559 1488 cleantem
599 1456 668 1488 tuae
703 1453 874 1498 potentiae

96 1501 149 1535 sio
169 1502 373 1535 sustentare
403 1500 584 1545 (liqueris,
614 1504 795 1545 quatenus
832 1501 872 1534 in

98 1558 151 1583 me
164 1558 316 1590 reqnum
337 1552 437 1583 tuum
451 1549 594 1592 jugiter
614 1548 869 1586 conformetur.

150 1598 190 1631 16
217 1597 306 1631 'rm
332 1606 532 1631 1LLU51ox1s
560 1607 810 1632 ixsrnquNTA
835 1606 872 1631 ix

100 1643 272 1686 Cnmsro,
303 1654 388 1683 Quin
415 1642 599 1680 Siexnxr'?
625 1664 666 1670 --
698 1643 757 1679 Sic
781 1653 870 1688 ergo

98 1691 170 1726 tria
201 1691 454 1727 instrumenta
479 1690 665 1727 illusionis
689 1690 871 1726 introdu-

97 1742 246 1783 cuntur,
269 1737 411 1775 scilicet
433 1750 441 1774 ε
473 1738 587 1774 vestis
621 1748 815 1785 purpurea
835 1741 872 1773 et

97 1785 287 1830 coccinea,
310 1796 449 1822 corona
469 1788 616 1833 spinea,
638 1785 784 1822 arundo
805 1795 869 1821 va-

96 1843 178 1870 cua.
201 1834 321 1871 Vestis
341 1834 504 1879 corpori,
528 1845 670 1870 corona
690 1832 816 1880 capiti,
834 1835 871 1868 et

97 1881 244 1917 arundo
268 1892 337 1929 pro
365 1886 514 1928 sceptro
539 1881 667 1918 manui
699 1880 870 1928 imponi—

95 1932 169 1965 tur.
191 1929 247 1965 Ad
266 1930 432 1966 litteram
454 1930 532 1965 haec
558 1933 645 1965 sunt
665 1928 741 1965 tria
757 1939 868 1975 rega-

96 1976 147 2012 lia
167 1976 331 2023 insignia
349 1977 622 2013 contumeliose
640 1980 678 2013 et
697 1976 737 2012 in
762 1975 869 2012 deri—

97 2024 244 2061 sionem
263 2024 334 2061 sibi
356 2024 539 2071 impensa,
569 2028 609 2060 ut
629 2035 716 2060 reus
736 2028 870 2060 osten-

97 2072 211 2108 datur
230 2072 330 2109 laesae
364 2072 584 2118 maJestatis.
615 2083 660 2108 eo
687 2072 789 2118 quod
810 2082 868 2108 re-

97 2130 213 2166 gnum
231 2120 343 2156 vellet
364 2119 435 2156 sibi
466 2130 664 2166 usurpare,
693 2130 761 2156 nec
787 2130 870 2166 pos-

99 2170 156 2203 set
177 2167 363 2204 obtinere.
388 2167 580 2204 Moralitev
609 2171 750 2212 autem,
775 2167 872 2204 sicut

98 2215 269 2252 Christus
300 2215 431 2252 illusus
455 2216 525 2251 suit
555 2214 776 2261 tripliciter:
819 2214 872 2251 sic

99 2261 299 2309 tripliciter
319 2264 446 2299 anima
467 2263 687 2310 frequenter
702 2262 872 2299 illuditur

98 2313 134 2346 et
154 2320 222 2357 per
246 2314 438 2356 peccatum
460 2311 631 2358 capitur:
670 2311 806 2358 primo,
834 2310 872 2346 in

97 2357 350 2394 ostentatione
368 2359 544 2395 humanae
571 2358 766 2406 potentiae,
788 2369 872 2404 quae

98 2404 336 2452 signiticatur
353 2416 418 2452 per
433 2410 574 2443 vestem
588 2417 816 2453 purpuream
836 2410 875 2442 et

97 2453 330 2498 coccineam,
352 2464 436 2500 quae
469 2458 525 2490 est
544 2454 656 2490 ve-tis
683 2464 815 2500 regum
837 2457 874 2490 et

98 2505 294 2548 potentum
315 2512 323 2545 ;
346 2502 525 2546 secundo,
541 2501 578 2537 in
598 2501 801 2547 cupiditate
823 2502 874 2537 af-

101 2548 253 2585 fluentis
275 2549 492 2595 opulentIae,
516 2560 601 2596 quae
636 2552 788 2585 notatur
808 2559 875 2595 per

100 2606 279 2632 coronam
295 2596 478 2642 spineam,
500 2597 640 2633 divitiae
657 2599 758 2633 enim
791 2596 874 2643 spi-

102 2643 160 2680 nis
191 2648 228 2680 et
264 2644 363 2680 curis
398 2648 487 2680 sunt
509 2646 654 2692 plenae3
677 2644 804 2689 tertio,
836 2644 875 2680 in

102 2690 270 2728 vanitate
304 2692 508 2729 mundante
543 2691 755 2739 sapientiae,
789 2703 876 2738 quae

101 2738 337 2786 significatur
347 2750 415 2786 per
434 2739 771 2786 arundinem,quae
789 2742 873 2787 pul-

102 2786 209 2833 chra,
230 2787 297 2823 sed
323 2791 437 2823 vento
458 2788 569 2835 plena
589 2791 624 2824 et
652 2798 770 2823 vacua
790 2791 872 2833 est;

958 216 1152 252 mundana
1168 214 1269 251 cuim
1293 212 1479 261 sapientia
1500 212 1537 249 iu
1556 222 1630 258 qua
1646 221 1730 247 con-

958 263 1083 299 fidunt
1110 264 1295 306 homiues,
1318 262 1355 298 iu
1390 272 1463 307 qua
1482 260 1564 307 quis
1586 270 1658 295 non
1683 259 1732 296 ad

958 310 1022 347 Dei
1057 311 1224 353 laudem,
1246 311 1310 345 sed
1347 309 1392 345 ad
1433 307 1592 352 glorium
1623 316 1732 342 suam

955 358 1088 402 utitur,
1112 361 1169 393 est
1193 357 1297 403 quasi
1322 357 1477 392 baculus
1501 354 1732 391 arundineus

954 409 991 442 et
1038 406 1264 441 contractus.
1310 404 1400 440 Vide
1446 404 1504 440 hic
1540 402 1730 448 quomodo

954 454 1122 491 Christus
1140 452 1177 487 in
1203 451 1379 487 omnibus
1401 455 1638 487 uolitantum
1662 450 1729 485 Pa-

953 500 1014 545 tri,
1038 500 1103 537 sed
1131 499 1207 535 suis
1228 499 1342 535 etiam
1380 498 1596 534 illusoribus
1630 498 1729 533 obe-

951 549 1019 585 dit.
1040 549 1251 593 Purpuram
1282 546 1450 592 suscipit.
1476 550 1587 591 caput
1610 555 1726 581 coro-

950 607 1009 632 nae
1027 593 1377 641 parat,a1·undinem
1399 604 1510 629 manu
1527 593 1636 628 tollit.
1652 592 1726 628 Sic-

950 649 991 680 ut
1011 654 1101 689 ergo
1123 643 1292 679 Christus
1328 642 1403 677 Rex
1435 640 1566 685 gloriae
1595 640 1726 686 spinea

951 701 1092 727 corona
1113 693 1329 731 coronatur,
1342 698 1511 735 purpura
1522 698 1563 723 ac
1579 691 1726 732 sceptro

952 737 1242 775 subsannatorie
1272 736 1482 779 ‹leluditur3
1519 734 1572 770 sic
1598 735 1727 778 etiam,

953 796 1037 823 cum
1077 796 1210 821 servus
1250 783 1388 821 Christi
1417 783 1455 819 iu
1486 783 1556 818 hoc
1588 782 1729 818 mundo

951 833 1206 879 vilipenditur.
1247 836 1284 868 ct
1318 832 1420 868 velut
1460 831 1561 867 omni
1583 830 1729 865 honore

954 881 1130 924 indignus
1153 879 1389 924 abiicitiir,t·t
1405 890 1426 915 a
1446 882 1726 924 prcesumptuo-

953 929 1005 965 sis
1026 928 1246 975 despicitur,
1269 931 1306 964 et
1338 926 1578 963 illusionibus
1610 925 1727 960 mole-

952 980 1087 1020 statur,
1108 975 1260 1022 rogitet,
1282 974 1383 1021 quod
1417 984 1547 1010 servus
1575 983 1649 1008 non
1671 975 1728 1008 est

952 1025 1074 1070 major
1099 1023 1256 1059 Domino
1277 1034 1357 1066 suo,
1371 1033 1442 1066 nec
1467 1032 1534 1067 pro
1554 1021 1652 1056 malo
1666 1020 1730 1055 ha-

952 1072 1040 1108 beat
1059 1071 1088 1107 si
1109 1070 1274 1117 patiatur
1292 1069 1430 1106 similia
1453 1069 1541 1114 Regi
1564 1078 1727 1103 summo.

1006 1135 1043 1166 17
1067 1120 1200 1155 FLExio
1237 1129 1383 1154 Gnuuuu
1410 1129 1501 1153 ANTE
1532 1117 1730 1159 CflnlsTmt,

953 1177 1193 1203 nocuusuruu
1209 1177 1253 1201 nx
1270 1178 1315 1201 EA
1333 1176 1375 1201 ET
1393 1176 1536 1201 onixrio.
1558 1183 1601 1190 --
1622 1163 1730 1198 Dein-

953 1215 1109 1259 de,cum
1123 1215 1230 1261 signa
1240 1213 1385 1260 regaIIa
1403 1212 1436 1249 ei
1452 1211 1728 1256 adhibuissent,

954 1263 1157 1299 flectebant
1180 1272 1303 1307 genua
1323 1270 1449 1297 eoram
1469 1271 1526 1303 eo,
1554 1269 1596 1294 ac
1620 1258 1728 1294 deri-

954 1309 1068 1354 sorie,
1089 1312 1128 1346 ut
1146 1311 1266 1346 Deum
1284 1309 1491 1346 adorabant
1510 1318 1602 1350 eum,
1622 1310 1655 1342 et
1674 1316 1731 1350 qe-

952 1369 1002 1394 nu
1022 1360 1114 1403 fleme
1135 1360 1220 1393 ante
1240 1367 1334 1401 eum,
1356 1359 1397 1392 ut
1415 1366 1543 1399 regern
1561 1355 1727 1390 salutan-

952 1409 1021 1447 tes,
1045 1405 1266 1448 illudebant,
1283 1416 1325 1440 ae
1342 1403 1553 1439 irridebant
1573 1404 1619 1446 εἰ,
1637 1406 1730 1437 tam·

953 1463 1065 1499 quam
1092 1463 1252 1499 regnare
1273 1452 1411 1487 volenti
1428 1454 1465 1487 et
1485 1461 1558 1486 non
1574 1449 1729 1494 valenti,

953 1502 1114 1537 dicentes
1137 1513 1147 1535 ε
1174 1501 1268 1544 Ave,
1294 1502 1371 1536 Rem
1397 1500 1618 1534 Juclaeorum.
1638 1497 1731 1540 Qua-

953 1550 983 1585 si
1018 1548 1189 1584 dicerent
1227 1560 1235 1583 :
1270 1546 1428 1583 Voluisti
1458 1556 1635 1591 regnare,
1663 1545 1728 1581 sed

953 1607 1029 1632 non
1052 1595 1223 1642 potuisti.
1245 1596 1387 1642 Regem
1408 1594 1625 1630 Judaeorum
1641 1602 1729 1628 eum

952 1647 1148 1687 vocantes,
1170 1653 1300 1679 verum
1333 1642 1476 1681 dicunt,
1507 1640 1622 1677 etiam
1661 1651 1729 1676 no-

953 1691 1074 1728 lentes
1092 1695 1129 1727 et
1144 1690 1304 1726 irrident
1316 1700 1369 1726 es.
1387 1691 1431 1724 Et
1444 1688 1510 1734 sic,
1523 1687 1730 1724 secundum

953 1740 1102 1783 Rectam,
1127 1738 1340 1775 adorabant
1370 1736 1491 1779 illum,
1523 1735 1627 1782 quasi
1666 1736 1729 1781 qui

952 1788 1071 1823 Deum
1098 1785 1264 1833 seipsum
1286 1785 1380 1821 falso
1405 1783 1573 1827 dixisset,
1602 1786 1638 1819 et
1666 1793 1728 1819 sa-

952 1835 1124 1871 lutabant
1144 1844 1247 1877 eum,
1264 1837 1459 1879 tamquam
1478 1831 1538 1878 qui
1563 1830 1729 1876 seipsum

953 1882 1047 1919 falso
1070 1884 1209 1928 Regem
1231 1881 1404 1924 fecisset;
1428 1880 1526 1926 quod
1544 1880 1727 1924 fecerunt,

953 1934 995 1967 ut
1015 1940 1146 1966 eorum
1168 1928 1295 1965 illusio
1316 1928 1565 1974 responderet
1585 1926 1731 1962 Judaeo-

951 1988 1035 2014 rum
1056 1976 1302 2021 accusationi,
1322 1976 1411 2023 quia
1433 1976 1477 2011 de
1494 1978 1655 2020 utroque
1673 1984 1731 2010 ac-

952 2026 1156 2062 cusabatur
1175 2035 1197 2061 a
1209 2022 1611 2061 Judaeis.Detestat›itis
1627 2032 1729 2058 men-

952 2072 1000 2109 tis
1018 2073 1155 2110 affectu
1170 2073 1252 2109 haec
1268 2071 1422 2109 faciunt.
1443 2071 1531 2117 quia
1552 2080 1730 2116 compun-

953 2124 1085 2168 gentes
1120 2123 1316 2164 coronant,
1344 2130 1388 2156 ac
1415 2118 1617 2155 illudentes
1644 2117 1731 2154 ado-

952 2172 1039 2205 rant
1055 2173 1092 2204 et
1110 2168 1288 2205 salutant.
1311 2168 1354 2204 Et
1372 2166 1461 2203 licet
1480 2165 1645 2202 Gentiles
1660 2166 1732 2200 hoc

953 2217 1133 2261 facerent,
1154 2220 1280 2252 tamen
1297 2214 1419 2252 Judaei
1439 2215 1509 2250 hoc
1526 2213 1648 2255 luunt,
1666 2211 1730 2258 qui

953 2263 1048 2300 tanti
1067 2262 1233 2299 criminis
1247 2265 1422 2300 auctores
1437 2263 1544 2297 crant
1565 2273 1572 2302 ;
1590 2265 1627 2296 et
1644 2259 1730 2296 ideo

954 2311 994 2348 in
1014 2313 1221 2348 Parasceve
1237 2321 1323 2347 cum
1338 2320 1406 2357 pro
1421 2308 1577 2356 persidis
1590 2306 1734 2345 Judaeis

956 2362 1101 2400 oratur,
1130 2369 1254 2404 genua
1288 2368 1364 2394 non
1409 2356 1609 2394 flectimus.
1649 2365 1733 2392 cum

956 2407 1053 2443 forte
1074 2405 1196 2443 Judaei
1220 2406 1291 2442 hoc
1309 2405 1475 2449 agebant
1494 2414 1579 2440 cum
1599 2402 1736 2440 Genti-

957 2454 1072 2491 libus.
1097 2453 1166 2490 Ubi
1199 2454 1476 2499 chrysostomus
1509 2451 1613 2495 dicit,
1636 2450 1736 2497 quod

958 2501 1099 2538 milites
1119 2501 1280 2548 pecunia
1299 2499 1468 2547 corrupti
1491 2500 1561 2536 hoc
1580 2499 1627 2535 ad
1645 2509 1736 2544 gra-

958 2550 1049 2586 tiam
1070 2549 1264 2586 Judaicam
1280 2548 1482 2585 faciebant.
1501 2547 1734 2591 Auqustinus

960 2601 1087 2634 autem
1111 2596 1296 2634 ‹licit.hoc
1310 2606 1394 2633 esse
1415 2596 1555 2631 sactum
1576 2594 1733 2630 manda-

959 2648 996 2681 to
1009 2645 1064 2681 vel
1076 2645 1324 2691 permissione
1336 2642 1526 2685 Praesidis,
1543 2645 1581 2677 ut
1593 2641 1736 2677 scilicet

961 2691 1081 2736 magis
1105 2692 1324 2729 Judaeorum
1348 2691 1434 2727 odia
1459 2692 1733 2733 saturarentur,

961 2743 998 2777 et
1025 2739 1169 2776 t‘acilius
1195 2750 1282 2776 eum
1309 2739 1487 2786 eriperet.
1518 2758 1563 2764 —
1590 2739 1639 2772 Ex
1665 2736 1733 2771 lior,

962 2787 1119 2824 articulo
1140 2788 1304 2824 habetur
1325 2788 1612 2825 documentum,
1633 2784 1731 2828 quod
