1924 3157
175 170 216 204 66
626 165 833 201 SECUNDAE
870 165 984 200 PART

173 236 328 284 emptio,
349 236 587 279 differretur3
609 238 744 281 quarto
766 235 952 282 exempla-

171 284 279 329 riter,
302 290 341 321 ut
359 285 465 320 daret
487 282 594 320 nobis
612 282 804 329 patientiae
830 293 952 319 exem·
994 308 996 328 g

173 332 291 378 plum,
319 335 354 367 et
380 331 550 377 impleret
579 329 671 366 illud
705 331 811 366 lsaiae
839 330 885 367 de
912 340 952 366 se

173 379 354 425 scriptum
370 390 378 414 ε
392 379 495 414 Sicut
511 388 629 422 aginus
648 388 768 414 coram
784 378 954 413 tondente

172 436 210 462 se
226 427 454 468 obmutescet,
474 428 507 461 et
527 435 598 461 non
617 427 755 471 aperiet
775 435 813 460 os
832 435 950 460 suum.

175 472 305 519 Igitur,
319 476 360 509 ut
377 471 468 508 dicit
482 473 691 517 Anselmus,
707 471 793 508 vide
811 474 954 508 attente
995 475 997 514 ἔ

177 519 367 565 quomodo
379 522 453 555 stat
466 523 552 556 ante
563 519 725 555 Pilatum
737 518 954 565 Praesidem,

176 566 356 603 inclinato
370 566 513 603 scilicet
527 566 662 614 capite,
679 566 850 602 demissis
862 576 953 601 ocu-

175 613 236 659 lis,
248 614 351 650 vultu
363 613 525 661 placido,
539 624 712 650 sermone
728 624 829 658 raro,
841 623 951 659 para-

174 664 237 697 tus
247 661 294 697 ad
306 661 522 708 opprobria,
531 664 805 713 promptusque
814 661 861 697 ad
874 671 952 696 ver-

174 708 278 745 bera.
292 709 525 755 Quandoque
540 710 722 745 Dominus
734 707 949 754 respondet,
990 739 992 746 ‚

173 757 399 802 quandoque
432 766 509 792 non
535 754 739 802 respondet
767 765 775 790 :
799 753 862 790 uhi
882 764 950 790 re-

173 803 346 849 spondet,
369 803 475 849 quasi
509 808 640 849 pastor
669 803 792 838 bonus
825 801 947 846 docet,

172 853 209 886 et
228 861 296 897 pro
321 850 473 886 creditis
493 850 563 886 sibi
581 850 713 886 ovibus
739 850 868 885 contra
888 848 948 884 lu-

170 908 305 944 porum
320 899 584 943 latronumque
606 896 759 932 insidias
779 899 945 941 pugnat;

169 945 233 982 ubi
253 956 341 981 vero
361 956 435 981 non
455 944 673 990 respondet,
696 943 803 989 quasi
829 953 947 988 agnus

169 1003 237 1039 pro
266 996 344 1029 toto
374 1002 487 1038 grege
506 991 763 1027 immolandus
783 989 881 1034 silet,
910 995 947 1026 et

169 1039 391 1085 patientiam
410 1042 578 1085 praestat.
600 1040 643 1074 Et
664 1037 809 1074 utinam
832 1037 945 1074 modo

167 1087 434 1131 innotesceret,
454 1087 605 1133 quando
635 1084 742 1132 quasi
769 1095 886 1131 agnus
910 1087 947 1120 et

170 1135 321 1181 quando
350 1133 457 1180 quasi
483 1138 613 1180 pastor
638 1131 758 1178 quivis
781 1142 863 1168 esse
885 1133 946 1168 de·

169 1184 289 1226 beret,
312 1185 352 1218 ut
371 1181 484 1218 sciret
507 1180 660 1227 quando
679 1185 801 1215 tacere
831 1184 867 1214 et
889 1190 945 1215 re-

171 1230 358 1276 spondere
402 1228 585 1265 haberetl
631 1226 810 1270 Quamvis
855 1237 944 1273 ergo

171 1276 398 1323 quibusdam
443 1274 805 1321 interrogationibus
845 1285 945 1320 saepe

170 1323 420 1371 responderit,
442 1323 593 1369 quaudo
620 1325 749 1358 tamen
778 1332 944 1367 respon-

169 1372 258 1408 dere
282 1370 416 1416 noluit,
433 1381 509 1406 non
542 1370 639 1405 sicut
667 1378 755 1404 reus
786 1372 822 1404 et
847 1369 944 1404 male

167 1419 239 1455 sibi
261 1417 446 1462 conscius,
465 1416 527 1463 qni
544 1417 589 1453 de
606 1415 769 1462 peccatis
786 1417 943 1451 convin-

169 1467 323 1502 cebatur
356 1465 446 1509 suis,
475 1464 541 1500 sed
569 1463 664 1499 sicut
694 1462 875 1498 innocens
908 1466 945 1498 et

166 1516 400 1557 minsuetus,
418 1511 481 1558 qui
500 1522 569 1558 pro
586 1509 752 1557 peccatis
771 1509 943 1546 immola-

166 1561 277 1597 batur
303 1559 450 1597 alienis.
473 1561 518 1595 Et
542 1558 628 1594 ideo
660 1557 866 1594 similitudo
896 1557 942 1594 de

164 1618 262 1655 agno
283 1608 372 1645 data
394 1610 463 1648 est,
491 1610 530 1643 ut
548 1606 587 1641 in
611 1616 678 1641 suo
695 1604 846 1641 silentio
866 1615 942 1640 non

163 1666 264 1700 reus,
287 1655 353 1691 sed
371 1654 555 1690 innocens
580 1653 798 1689 haberetur.

213 1717 230 1739 2
258 1704 336 1739 Mos
368 1713 560 1738 LlBERANDI
595 1711 876 1736 MALEFACTOREM
904 1711 941 1736 IN

163 1762 271 1786 Fesro
292 1751 455 1787 PAscnAE.
480 1769 524 1775 -—
545 1750 614 1784 Per
629 1748 725 1783 diem
745 1751 864 1782 autem
883 1757 938 1782 so-

165 1799 314 1834 lemnem
343 1798 479 1833 festum
504 1795 683 1839 Paschae,
711 1797 942 1830 consueverat

163 1847 299 1882 Praeses
331 1845 482 1890 populo,
505 1843 542 1880 id
565 1847 620 1879 est
645 1843 693 1878 ad
721 1841 942 1886 petitionem

164 1892 308 1939 populi,
323 1893 506 1927 dimittere
523 1900 634 1926 unum
652 1891 822 1931 vinetum,
838 1899 942 1934 quem

164 1938 459 1979 voluissent,sine
471 1938 690 1974 meritorum
704 1936 940 1982 discretione,

164 1987 205 2024 in
245 1986 467 2023 memoriam
506 1983 740 2021 liberationis
775 1984 941 2019 filiorum

165 2035 275 2071 lsrael
298 2035 343 2070 de
367 2034 585 2080 AEgyptiaca
612 2033 806 2075 servitute,
833 2031 939 2077 anus

163 2081 336 2119 beneficii
359 2080 542 2117 memoria
562 2080 599 2115 in
616 2077 854 2115 solemnitate
879 2087 939 2123 pa-

164 2129 283 2166 schali
310 2129 439 2173 fiebat,
461 2128 562 2174 quod
589 2137 634 2163 ea
653 2126 714 2162 die
740 2125 938 2178 d‘³.Sffl'V.i.‘·

163 2181 242 2213 tute
259 2175 467 2213 Pharaonis
485 2174 627 2221 egressi
648 2176 757 2210 erant
772 2184 780 2217 ;
796 2184 831 2209 in
852 2173 936 2209 alus

162 2228 291 2261 autem
321 2223 426 2260 sestis
465 2233 542 2259 non
581 2221 634 2258 sic
674 2221 802 2257 fiebat.
842 2220 935 2273 Quia

162 2271 262 2308 euim
282 2271 321 2307 in
335 2274 444 2306 nocte
464 2269 615 2306 Paschae
628 2269 791 2315 Angelus
811 2269 936 2321 Domi-

160 2318 199 2354 ni
220 2318 377 2355 salvavit
396 2318 587 2361 Hebraeos,
606 2321 643 2353 et
656 2320 840 2363 percussu
852 2326 934 2362 pri-

159 2365 349 2413 mogenita
367 2364 640 2411 AEgyptiorum,
661 2364 747 2400 ideo
781 2363 829 2398 ad
860 2363 933 2398 hoe

156 2413 521 2459 repraesentandum,
541 2414 578 2448 et
604 2409 827 2447 memoriam
853 2410 931 2446 hu-

153 2461 215 2507 J'us
236 2459 425 2503 beneficii,
446 2459 484 2494 in
509 2459 580 2495 hac
599 2458 836 2495 solemnitate
857 2457 930 2494 sal-

155 2508 294 2544 vabant
314 2517 433 2543 unum
459 2505 569 2541 morti
595 2505 866 2552 propinquum,
895 2508 931 2540 et

155 2555 303 2600 aliquos
329 2553 611 2590 interficiebant
637 2553 682 2589 de
703 2552 836 2588 vinctis
866 2551 929 2598 qui

157 2602 466 2639 custodiebantur
484 2600 532 2637 ad
559 2599 829 2644 occidendum3
855 2599 928 2644 vel,

156 2650 229 2686 hoc
250 2648 436 2686 faciebant
454 2647 493 2683 in
507 2647 730 2683 memoriam
747 2645 928 2683 transitus
967 2652 969 2692 ζ

158 2696 273 2733 maris
299 2695 416 2737 rubri,
437 2695 477 2731 in
506 2706 578 2741 quo
602 2694 669 2730 filii
702 2694 818 2730 lsrael
845 2694 927 2729 fue·
965 2702 969 2758 3

158 2747 250 2782 runt
288 2742 451 2789 liberati,
480 2745 517 2780 et
535 2741 696 2790 AEgyptii
720 2740 924 2795 submersi.
965 2764 969 2804 ὁ

157 2793 204 2830 Et
221 2790 334 2829 istam
359 2791 670 2829 consuetudinem
696 2800 750 2826 eis
771 2798 926 2826 conser-

991 166 1031 199 ls
1067 165 1205 199 CAPUT
1244 165 1342 199 LXll

993 240 995 263 ἓ
1027 234 1411 280 variimpetraverant
1424 236 1471 271 ab
1480 235 1708 281 Imperatore
1730 237 1802 272 Ro—

1028 293 1243 325 manorum,
1262 281 1358 317 sicut
1375 282 1500 318 suerat
1518 284 1719 318 observata
1736 293 1800 319 an-

994 348 997 374 g
1028 332 1180 376 tequam
1213 330 1344 365 Judaea
1371 333 1467 365 esset
1506 329 1684 365 Romanis
1718 331 1803 366 sub-

996 394 997 398 =
1026 377 1140 422 jecta.
1161 375 1197 412 Si
1214 377 1336 412 adhuc
1349 375 1506 421 singulis
1516 379 1624 412 annis
1637 377 1803 422 aliquem

995 436 997 465 ξ
1030 424 1218 468 occidunt,
1245 425 1342 459 Deus
1379 424 1462 468 scit,
1490 427 1527 459 et
1557 423 1628 470 ipsi
1666 424 1802 460 sciunt.

1029 472 1194 506 Habebat
1213 474 1334 506 autem
1355 473 1453 512 tunc,
1477 472 1516 506 in
1536 481 1703 512 carcere,
1723 473 1804 508 vin·

996 525 997 532 ¹
1030 521 1125 554 etum
1155 519 1348 562 insignem,
1367 519 1432 563 qui
1451 518 1644 554 dicebatur
1663 520 1802 554 Barra-

994 586 995 589 =
1031 565 1106 602 bas.
1132 564 1276 601 Pilatus
1302 575 1392 610 ergo
1418 564 1540 601 sciens
1561 575 1626 602 eos
1647 564 1802 611 cupidos

994 618 995 621 ’
1028 612 1074 648 de
1101 612 1338 649 observanda
1363 611 1427 648 illa
1454 611 1739 657 consuetudine,
1763 615 1802 648 et

1028 670 1071 695 ex
1088 659 1207 695 altera
1233 662 1340 706 parte
1367 659 1468 705 quod
1496 660 1683 696 Barrabas
1699 662 1801 696 esset

1025 707 1224 752 pessimus,
1248 709 1284 742 et
1309 707 1446 752 populo
1478 707 1644 751 odiosus,
1665 717 1799 753 propo-

990 751 992 788 ἕ
1026 754 1100 789 suit
1133 753 1186 789 eis
1219 754 1287 790 sub
1325 753 1569 790 distinctione
1608 754 1800 800 optionem

1025 800 1167 844 dicens,
1190 801 1291 846 quod
1317 801 1364 836 ad
1390 802 1572 837 honorem
1594 801 1678 837 sesti
1699 800 1798 837 libe-

987 854 989 886 1
1023 851 1125 883 raret
1141 847 1194 883 eis
1210 849 1417 884 Barrabam
1434 849 1492 884 vel
1509 850 1650 893 Jesum,
1662 851 1699 885 et
1714 848 1798 884 nul-

1022 894 1100 930 lum
1118 894 1245 931 alium.
1258 896 1492 939 Conqreqatis
1509 906 1591 940 erqo
1606 896 1800 932 illisdioeit

1022 943 1178 981 Pilatus,
1206 953 1310 987 quem
1330 944 1442 978 vultis
1465 943 1650 978 dimittam
1671 943 1797 979 vobis:

1021 990 1224 1024 Barrabam
1243 1000 1290 1025 an
1309 991 1443 1029 Jesum,
1461 992 1525 1035 qui
1539 990 1676 1025 dicitur
1693 990 1797 1026 chri·-

1022 1046 1100 1072 srus
1119 1035 1135 1074 '?
1156 1038 1227 1073 Per
1247 1037 1317 1072 hoc
1340 1036 1528 1073 subtiliter
1549 1037 1727 1074 credebat
1745 1037 1798 1073 li·-

1020 1083 1155 1119 berare
1181 1086 1309 1121 Jesum
1336 1084 1382 1120 de
1409 1095 1594 1121 consensu
1617 1086 1796 1130 ipsorum,

1023 1130 1113 1176 quia
1134 1142 1210 1167 non
1225 1132 1404 1168 credebat
1415 1131 1540 1177 aliquo
1552 1132 1680 1175 modo,
1696 1132 1799 1179 quod

1021 1182 1195 1224 peterent
1222 1178 1487 1215 liberationem
1515 1180 1706 1223 Barrabae,
1734 1181 1800 1225 qui

1023 1229 1100 1261 erat
1127 1230 1163 1262 et
1191 1230 1342 1272 propter
1367 1227 1579 1262 seditionem
1601 1227 1799 1273 quamdam

1021 1273 1160 1319 saetam
1175 1275 1213 1309 in
1231 1276 1379 1310 civitate
1396 1277 1429 1310 et
1447 1275 1696 1319 homicidium,
1709 1276 1797 1310 mis-

1020 1330 1083 1355 sus
1102 1322 1142 1356 in
1169 1332 1358 1366 carcerem,
1385 1326 1422 1357 et
1448 1320 1532 1358 ideo
1553 1322 1737 1368 pessimus
1760 1326 1798 1358 et

1022 1367 1195 1413 insignis,
1218 1379 1293 1404 non
1319 1368 1515 1405 nobilitate
1541 1369 1706 1415 generis,
1729 1369 1796 1405 sed

1021 1424 1065 1450 ex
1091 1415 1303 1451 famositate
1324 1415 1381 1451 sui
1402 1415 1585 1460 criminis,
1609 1416 1697 1463 quia
1717 1420 1796 1452 erat

1020 1462 1114 1497 latro
1128 1462 1294 1507 publicus
1308 1463 1396 1498 etin
1413 1463 1556 1500 malitia
1570 1464 1744 1510 vulgatus
1758 1467 1795 1500 et

1018 1509 1204 1554 famosus;
1219 1513 1256 1545 et
1270 1509 1354 1546 ideo
1371 1509 1512 1547 Pilatus
1527 1512 1703 1548 credebat
1715 1522 1794 1548 me-

1019 1555 1092 1592 rito
1102 1558 1121 1592 J
1125 1567 1230 1593 esum
1241 1567 1323 1593 esse
1336 1557 1647 1604 praeeligendum,
1659 1559 1796 1595 sciebat

1020 1603 1120 1639 enim
1136 1615 1221 1640 eum
1238 1604 1492 1651 innocentem,
1506 1609 1544 1642 et
1557 1607 1655 1652 quod
1666 1608 1796 1652 perin-

1018 1651 1159 1686 vidiam
1173 1653 1413 1689 tradidissent
1426 1664 1519 1699 eum,
1539 1663 1628 1699 qula
1646 1653 1794 1698 publice

1018 1699 1201 1744 arguebat
1238 1698 1328 1735 vitia
1367 1711 1513 1736 eorum.
1534 1702 1720 1747 Magnam,
1748 1704 1792 1738 ut

1019 1744 1160 1782 dictum
1171 1749 1241 1790 est,
1256 1746 1493 1792 diligentiam
1509 1747 1650 1784 Pilutus
1669 1752 1796 1785 osten-

1019 1792 1085 1837 dit,
1114 1796 1155 1829 ut
1187 1794 1381 1830 Christum
1416 1794 1625 1832 liberaret:
1653 1795 1794 1842 primo,

1018 1850 1085 1886 per
1105 1840 1376 1886 innocentiam,
1402 1843 1490 1888 quia
1516 1852 1651 1879 manus
1677 1844 1791 1880 Hero·

1019 1886 1077 1923 dis
1095 1893 1290 1933 evaserat3
1311 1890 1486 1932 secundo,
1502 1900 1570 1936 per
1590 1894 1792 1927 consuetu-

1019 1935 1160 1980 dinem,
1186 1936 1273 1982 quia
1291 1947 1376 1972 eum
1401 1937 1696 1983 praeeligendum
1715 1948 1794 1975 cre-

1019 1982 1155 2026 debat3
1181 1982 1219 2018 in
1241 1994 1313 2029 quo
1344 1984 1473 2020 datum
1498 1990 1554 2020 est
1580 1986 1790 2032 exemplum

1018 2029 1215 2066 laborandi
1246 2031 1293 2066 ad
1319 2030 1582 2068 liberationem
1600 2032 1790 2069 innocen-

1017 2080 1110 2113 tum.
1129 2078 1232 2113 Unde
1245 2078 1297 2113 aIt
1312 2079 1585 2124 Chrysostomus
1601 2092 1612 2115 .·
1633 2081 1710 2116 «Et
1726 2081 1787 2117 in-

1016 2128 1122 2161 tuere
1148 2125 1351 2172 sapienter,
1371 2137 1447 2162 non
1466 2127 1565 2163 enim
1577 2127 1682 2172 dixit,
1699 2127 1788 2174 quia

1014 2171 1182 2218 peccavit
1200 2177 1236 2208 et
1260 2173 1394 2219 dignus
1414 2177 1469 2209 est
1494 2179 1626 2220 morte,
1651 2175 1788 2213 donari

1015 2229 1100 2256 eum
1121 2230 1163 2255 ex
1186 2220 1305 2265 t'esto;
1329 2220 1395 2257 sed
1420 2220 1584 2267 primum
1610 2232 1696 2258 eum
1723 2233 1788 2259 ex-

1013 2277 1148 2303 cusans
1169 2270 1206 2303 et
1226 2278 1362 2304 eruens
1393 2278 1415 2304 a
1445 2279 1558 2305 causa
1584 2270 1702 2315 omni,
1723 2273 1783 2307 ta-

1012 2325 1100 2351 men
1124 2320 1233 2362 rogat
1258 2325 1301 2350 ex
1327 2316 1666 2362 superabundanti,
1691 2320 1731 2354 ut
1754 2317 1786 2354 si

1009 2362 1152 2398 nollent
1184 2361 1382 2399 innoxium
1418 2362 1624 2409 dimittere,
1652 2364 1788 2402 saltem

1008 2412 1050 2445 ut
1071 2409 1272 2446 obnoxium
1290 2410 1477 2446 donarent
1495 2411 1590 2446 festo
1613 2411 1673 2448 vel
1694 2414 1789 2448 tem-

1007 2457 1092 2504 pori
1115 2467 1123 2492 :
1149 2469 1167 2490 »
1192 2458 1273 2493 haec
1293 2458 1585 2502 chrysostomus.

1056 2507 1076 2540 5
1106 2505 1220 2541 V1sm1
1257 2516 1387 2541 axonis
1426 2505 1634 2541 PiLAT1.—
1667 2507 1786 2552 Tunc,

1008 2552 1151 2587 sedente
1171 2556 1291 2588 autem
1310 2554 1375 2588 illo
1389 2564 1458 2600 pro
1471 2553 1669 2599 tribunali,
1683 2555 1785 2591 misit

967 2621 969 2646 4
1007 2599 1057 2634 ad
1079 2610 1158 2634 eam
1183 2610 1276 2635 uxor·
1302 2600 1393 2645 ejus,
1417 2599 1571 2637 nomine
1605 2601 1782 2646 Procula,

1007 2646 1128 2682 dicens
1155 2659 1165 2681 .·
1192 2648 1297 2685 Nihil
1335 2648 1404 2683 tibi
1440 2651 1473 2684 et
1503 2648 1603 2693 justo
1635 2649 1695 2684 illi
1731 2649 1783 2685 sit

1007 2703 1142 2738 causae,
1153 2694 1211 2730 vel
1228 2698 1361 2730 contra
1370 2696 1516 2741 justum
1529 2694 1648 2731 illum.
1661 2696 1773 2740 Quasi

1007 2740 1147 2777 diceret
1168 2752 1176 2776 :
1193 2741 1293 2778 Nihil
1312 2742 1454 2780 habeas
1473 2753 1609 2787 causae,
1632 2753 1702 2779 nee
1717 2742 1775 2780 in-

966 2818 968 2820 .
1005 2787 1195 2826 tromittas
1215 2793 1252 2826 te
1273 2789 1321 2826 ad
1331 2788 1638 2827 interficiendum
1654 2789 1778 2828 homi-
