1924 3157
184 199 241 232 130
646 189 851 223 SECUNDAE
888 189 1043 224 PARTIS
1082 187 1218 222 CAPUT
1256 185 1358 220 Lxlv

180 275 280 308 care,
299 273 342 300 ac
362 261 514 310 spiritus
534 262 682 296 nostros
702 258 737 295 ei
758 268 945 311 commen-

180 313 285 355 dare,
306 318 464 355 quorum
490 316 648 353 corpora
667 305 946 359 quotidie-ten—

180 360 273 396 dunt
290 360 335 394 ad
357 359 530 398 mortem,
549 354 652 399 quus
675 359 824 399 penitus
842 363 946 399 Igno-

179 415 306 444 ramus
325 403 425 440 diem
444 406 480 438 et
501 403 646 438 horam.
672 402 713 436 Et
731 400 946 446 specialiter

178 453 217 489 in
239 454 331 488 hora
357 456 393 487 et
421 448 578 486 articulo
605 447 734 484 mortis
765 447 947 483 debemus

176 501 249 536 hoc
265 499 402 541 facere,
419 498 507 543 quia
526 495 684 531 maxime
699 499 787 530 tunc
801 498 859 531 est
882 504 946 529 ue-

176 545 379 584 cessarium
400 555 408 580 :
432 547 469 581 et
487 546 641 590 propter
669 541 787 578 hostis
811 542 948 586 impor-

176 592 377 630 tunitatem
390 592 585 637 majorem.
599 591 636 625 et
648 592 800 640 propter
813 591 948 639 nostrae

175 639 322 677 virtutis
332 637 641 676 debilitationem.
656 636 819 681 Reliquit
832 638 947 687 etiam

177 688 286 725 uobis
308 686 516 732 exemplum
545 684 721 730 perfectae
742 684 890 718 fiduciae
913 691 949 717 in

175 738 335 782 paterna
356 731 593 774 defensione3
621 730 759 767 etenim
782 739 853 782 per
879 729 949 764 hoc

176 782 275 829 quod
297 781 336 818 iu
354 791 488 817 manus
508 778 629 814 Patris
649 777 812 813 eoelestis
834 777 948 812 homo

176 828 351 875 spiritum
382 837 490 864 suum
517 824 772 867 commendat,
795 833 948 859 securus
979 842 982 866 ι

175 887 258 913 esse
279 876 391 912 debet
410 873 508 919 quod
525 871 653 908 divina
671 873 808 906 virtute
825 871 872 905 ab
895 869 950 905 iil-
979 870 982 923 l

177 934 288 960 cursu
302 921 553 967 malignorum
568 918 767 965 spirituum
779 918 947 953 detensa-
980 929 981 959 l

176 974 251 1007 tur.
274 989 319 996 —
351 967 518 1005 Tertium
558 967 840 1017 documentum,
860 974 946 1008 spe-
979 963 982 991 l

175 1017 322 1054 cialiter
341 1026 409 1062 pro
430 1013 635 1059 religiosis,
649 1023 711 1058 qui
732 1014 949 1047 moriuntur

174 1064 315 1101 mundo
355 1065 392 1099 in
434 1061 628 1107 religionis
665 1060 853 1106 ingressu,
876 1062 945 1103 est,
979 1047 982 1097 ἶ

177 1112 277 1158 quod
298 1110 369 1157 ipsi
390 1110 528 1147 debent
549 1108 736 1154 spiritum,
755 1106 794 1142 id
811 1109 869 1142 est
882 1116 948 1158 vo-

176 1159 359 1196 luntatem
379 1162 416 1194 et
438 1165 593 1192 sensum
609 1164 718 1191 suum
741 1154 948 1190 traderem

173 1217 309 1242 manus
327 1203 533 1252 spiritualis
548 1201 681 1249 patris,
693 1201 835 1237 scilicet
854 1211 946 1247 prae-
979 1207 982 1231 ι

173 1253 252 1298 lati,
275 1253 328 1289 sic
349 1253 449 1299 quod
468 1249 632 1296 amplius
658 1260 735 1302 non
753 1252 948 1302 resumant
979 1233 982 1294 Ι

172 1311 292 1346 usque
313 1300 361 1336 ad
373 1299 472 1335 diem
494 1299 809 1339 Resurrectioms,
827 1305 949 1331 exem-

172 1348 234 1394 plo
256 1346 394 1383 Christi
413 1346 475 1392 qui
496 1345 669 1392 spiritum
692 1353 815 1386 suum,
835 1352 945 1386 quem

172 1394 338 1431 moriens
360 1395 396 1429 in
416 1403 549 1429 manus
568 1390 689 1427 Patris
710 1389 946 1426 commenda-

172 1444 292 1486 verat,
315 1439 473 1477 ulterius
494 1450 571 1476 non
602 1437 675 1474 nisi
698 1437 738 1473 in
762 1439 947 1473 Resurre-

172 1488 294 1525 ctione
326 1498 395 1524 sua
422 1485 634 1533 resumpsit.
670 1484 946 1522 Commendans

172 1535 273 1572 enim
293 1535 466 1582 spiritum
493 1536 568 1570 Deo
594 1532 711 1576 Patri,
734 1532 947 1584 exemplum

171 1583 348 1630 perfectae
382 1580 609 1619 obedientiae
639 1583 676 1616 et
704 1579 946 1625 subjectionis

171 1630 338 1675 reliquit,
370 1640 444 1675 qua
477 1628 635 1674 quilibet
667 1626 837 1663 subditus
875 1636 944 1662 suo

171 1678 327 1723 praelato
340 1677 514 1723 spiritum
528 1684 637 1712 suum
655 1673 945 1716 gubernandum

172 1728 210 1760 et
230 1724 471 1770 dirigendum
499 1721 712 1759 committit.
737 1720 841 1773 Unde
858 1719 937 1765 qui-

172 1771 263 1809 libet
292 1771 476 1815 subditus,
503 1773 589 1806 voto
623 1767 848 1806 obedientiae
879 1777 942 1820 su-

169 1817 309 1865 periori
328 1819 513 1859 astrictus,
536 1816 865 1868 humiliter-habet
885 1814 941 1850 di-

169 1876 255 1902 cere
291 1876 358 1902 suo
380 1865 534 1911 praelato
559 1875 567 1900 z
591 1865 713 1907 Pater,
735 1873 773 1897 iu
806 1872 942 1897 manus

169 1916 254 1950 tuas
272 1912 494 1950 commendo
517 1910 690 1958 spiritum
720 1919 859 1946 meum.
885 1908 940 1944 llli

170 1971 259 2006 ergo
292 1959 471 2006 religiosi,
494 1958 558 2005 qui
592 1967 798 2004 numquam
824 1956 939 2002 depo-

168 2010 324 2043 suerunt
346 2006 518 2054 spiritum
540 2015 665 2049 suum,
688 2005 746 2041 vel
771 2008 862 2056 ante·
886 2013 941 2039 re·

169 2055 441 2091 surrectionem
464 2055 674 2095 resumunt,
689 2055 782 2098 puta
804 2061 865 2096 qui
884 2061 939 2086 se·

170 2102 332 2138 cundum
354 2101 587 2137 voluntatem
614 2110 721 2136 suam
751 2098 876 2135 facere
902 2100 939 2133 et

169 2159 322 2186 sensum
343 2158 451 2185 suum
475 2147 580 2194 sequi
615 2147 758 2190 volunt,
780 2145 936 2182 menda-

168 2206 230 2233 ces
253 2199 354 2240 sunt,
380 2198 418 2232 et
447 2194 764 2232 resurrectionem
794 2202 935 2238 praeve-

166 2243 290 2288 niunt,
326 2246 363 2280 et
385 2242 470 2279 ideo
502 2241 715 2279 antichristi
755 2242 855 2277 sunt.
892 2259 937 2264 —

166 2290 348 2334 Quartum
365 2290 636 2326 documentum
655 2291 724 2331 cst,
740 2287 840 2333 quod
850 2286 935 2339 ‘val-

166 2337 212 2374 de
238 2337 328 2373 utile
354 2341 391 2373 et
417 2337 567 2374 salubre
602 2342 658 2372 est
692 2335 816 2372 legere
848 2334 935 2386 illos

163 2383 293 2421 decem
312 2385 490 2431 psalmos,
507 2393 600 2429 quos
623 2382 793 2418 Christus
814 2383 934 2417 orav1t

159 2430 202 2467 in
225 2432 448 2476 cruce,quia
475 2431 562 2467 nulli
584 2430 739 2466 dubium
761 2430 851 2476 quin
871 2428 934 2464 de-

156 2477 321 2515 votionis
343 2478 520 2515 eflectum
549 2479 684 2522 legenti
713 2487 778 2513 eos
805 2475 932 2512 conse-

159 2528 244 2563 rant
265 2525 482 2562 salutarem.
510 2526 554 2560 Et
573 2524 711 2560 dicitur
730 2524 830 2570 qnod
852 2532 936 2569 spe·
966 2539 969 2550 ‹

157 2572 306 2609 cialiter
328 2574 479 2609 valeant
510 2572 557 2608 ad
587 2570 839 2616 expiationem
866 2580 932 2606 ne-

157 2618 427 2666 gligentiarum
449 2619 489 2655 in
518 2619 624 2655 horis.
644 2617 834 2654 canonicis
863 2628 932 2653 ne·-

157 2666 345 2713 gligenter
380 2665 502 2702 dictis.
535 2687 561 2691 ⁷
609 2665 787 2709 Quintum
816 2665 932 2701 docu-

156 2717 327 2751 mentum
365 2718 436 2758 est,
461 2713 559 2759 quod
588 2718 933 2759 quantumcumque

154 2760 272 2807 aliqui
293 2759 375 2798 sint
386 2761 476 2807 justi
498 2763 535 2796 et
567 2760 702 2804 sancti,
725 2768 932 2805 numquam

155 2813 286 2846 tamen
307 2817 346 2844 se
369 2810 502 2854 putent
521 2816 675 2843 securos
698 2806 743 2842 de
763 2806 929 2849 diabolo,
964 2819 967 2841 l

1027 256 1208 300 cumipse
1235 265 1306 291 nec
1325 253 1514 292 Christum
1548 254 1588 292 in
1612 267 1722 293 cruce
1741 256 1801 293 di-

1025 303 1182 347 miserit,
1205 302 1294 347 quin
1328 313 1414 338 eum
1443 303 1676 340 observaret.
1702 303 1799 347 Quid

1025 362 1113 395 erga
1135 360 1364 396 praesumere
1388 350 1527 395 poterit
1547 350 1661 387 homo
1683 353 1799 387 miser

1025 402 1060 432 et
1082 397 1370 441 fragilis‘?Certe
1392 396 1437 432 de
1458 396 1557 432 nullo
1579 396 1651 433 nisi
1674 398 1802 435 solum

1025 445 1071 480 de
1091 449 1211 480 morte
1229 443 1384 479 Christi.
1410 443 1514 480 Unde
1537 445 1768 488 Auyustmas
1787 456 1798 479 .·

1026 506 1044 524 «
1066 493 1157 527 Tota
1173 502 1258 537 spes
1279 501 1360 526 mei
1381 496 1435 526 est
1451 489 1488 525 in
1511 495 1630 527 morte
1651 491 1801 529 Domini

1026 538 1113 574 mei.
1136 539 1236 574 Mors
1258 538 1351 584 cJus,
1380 543 1438 574 est
1459 537 1638 574 meritum
1660 549 1800 584 meum,

1026 589 1061 621 et
1106 585 1295 631 refugium
1332 595 1472 629 meum,
1501 584 1615 629 salus,
1647 587 1735 626 vita.
1765 588 1802 622 et

1026 632 1255 668 resurrectio
1276 642 1371 668 mea.
1392 633 1473 668 Nou
1492 642 1646 678 possum
1664 631 1801 669 terreri

1026 680 1265 716 multitudine
1289 683 1530 726 peccatorum
1559 690 1746 725 meorum,
1768 678 1799 717 si

1025 737 1125 763 mors
1142 727 1288 763 Domini
1305 726 1343 762 in
1356 730 1521 763 mentem
1535 725 1801 773 venerit‚,quia

1024 778 1178 820 peccata
1199 785 1283 810 mea
1312 773 1416 810 illam
1438 773 1588 810 vincere
1615 784 1692 810 non
1720 784 1800 820 pos-

1024 825 1124 857 sunt.
1151 835 1169 855 »
1191 842 1228 848 -—
1261 823 1412 858 Sextum
1436 821 1705 857 documentum
1726 823 1797 866 est,

1024 869 1125 913 quod
1166 879 1235 904 nos
1276 870 1433 904 multum
1467 872 1642 904 tenemur
1669 879 1797 905 amare

1025 915 1294 961 Christum.qui
1315 926 1379 961 pro
1396 916 1503 952 nobis
1514 914 1798 952 animamsuam

1025 963 1161 1007 posuit,
1176 966 1212 998 et
1227 966 1336 1008 caput
1354 973 1462 999 suum
1475 963 1523 998 ad
1538 973 1607 999 nos
1624 962 1663 998 in
1681 966 1800 1000 morte

980 1005 982 1039 l
1024 1009 1231 1046 inclinavit.
1267 1009 1369 1046 Unde
1396 1009 1496 1046 idem
1531 1011 1796 1055 Auqustz'nus:

1026 1071 1043 1091 α
1067 1057 1236 1094 Salvator
1260 1060 1387 1093 noster
1420 1061 1530 1103 caput
1554 1068 1662 1094 suum
1691 1056 1798 1093 incli-

1024 1106 1129 1141 navit
1148 1105 1186 1140 in
1209 1108 1342 1149 morte,
1363 1108 1404 1141 ut
1423 1104 1552 1141 oscula
1573 1106 1679 1141 daret
1698 1104 1790 1141 dile-

1024 1153 1092 1187 ctis
1117 1152 1208 1188 suis.
1233 1154 1275 1188 Et
1296 1163 1364 1187 nos
1385 1154 1496 1188 toties
1520 1152 1719 1188 Dominum
1740 1162 1797 1188 os·

1025 1200 1208 1242 culamur,
1228 1199 1377 1245 quoties
1396 1199 1433 1235 in
1453 1200 1535 1245 ejus
1553 1210 1681 1236 amore
1699 1210 1799 1236 com-

1023 1246 1240 1293 pungimur.
1263 1261 1281 1279 »
1308 1268 1350 1273 -
1372 1247 1580 1293 Septimum
1596 1247 1796 1283 documen-

1023 1299 1101 1330 tum
1131 1297 1201 1339 est,
1235 1294 1335 1339 quod
1371 1294 1529 1339 quilibet
1557 1294 1796 1332 Christianus

1023 1341 1188 1377 moriens
1221 1342 1331 1377 debet
1360 1341 1424 1377 illa
1461 1343 1629 1388 quinque
1658 1352 1793 1389 supra-

1023 1388 1124 1424 dicta
1151 1399 1301 1425 servare
1327 1392 1509 1434 quantum
1535 1389 1687 1436 poterit,
1710 1399 1796 1434 quae

1022 1436 1190 1472 Christus
1206 1435 1374 1472 moriens
1385 1436 1560 1472 servavit.
1578 1438 1661 1483 Ipse
1676 1436 1792 1472 enini:

1022 1482 1156 1528 oravit,
1194 1483 1384 1528 clamavit,
1419 1483 1596 1530 ploravit,
1625 1485 1794 1520 animam

1022 1530 1124 1566 Patri
1148 1530 1439 1575 commendavit,
1462 1535 1499 1567 et
1525 1529 1700 1577 spiritum
1719 1533 1794 1567 tra·
1839 1533 1841 1535 ’

1021 1577 1134 1622 didit;
1161 1577 1213 1614 sic
1239 1581 1277 1613 et
1303 1588 1371 1614 nos
1398 1578 1438 1614 in
1466 1578 1642 1614 extremis
1678 1577 1793 1625 positi

1019 1625 1224 1661 debemus:
1243 1636 1367 1670 orare,
1385 1625 1549 1662 clamare
1569 1625 1701 1661 saltem
1713 1635 1795 1661 cor-

1019 1672 1080 1717 de,
1105 1672 1253 1718 plorare
1287 1683 1355 1719 pro
1382 1672 1544 1719 peccatis
1574 1683 1639 1719 per
1663 1682 1792 1710 veram

1018 1719 1296 1765 poenitentiam,
1318 1722 1485 1756 animam
1506 1721 1583 1756 Deo
1605 1730 1790 1756 commen-

1017 1767 1122 1809 dare,
1143 1770 1181 1803 et
1201 1766 1373 1813 spiritum
1400 1768 1552 1804 tradere
1578 1767 1790 1804 voluntarie

1017 1813 1159 1850 scilicet
1181 1813 1392 1859 moriendo,
1410 1818 1447 1850 et
1466 1815 1703 1851 voluntatem
1725 1825 1790 1851 no-

1016 1864 1133 1897 stram
1154 1860 1289 1898 divinae
1307 1861 1492 1898 voluntati
1519 1862 1720 1898 tradendo.
1747 1882 1791 1888 —

1014 1908 1071 1944 Ad
1089 1909 1400 1945 conformandum
1433 1920 1473 1946 se
1496 1908 1584 1945 huic
1609 1909 1788 1954 articulo,

1015 1955 1198 2001 recogitet
1219 1957 1332 1993 homo
1352 1968 1360 1992 :
1385 1960 1525 2003 quanto
1547 1967 1678 1993 amore
1699 1956 1790 1993 Sal-

1015 2005 1122 2039 vator
1143 2008 1270 2039 noster
1287 2007 1446 2039 mortem
1468 2003 1635 2050 pertulit,
1659 2008 1701 2039 ut
1720 2014 1790 2040 nos

1014 2050 1240 2095 vivificaret;
1255 2054 1291 2087 et
1306 2051 1406 2097 quod
1417 2050 1672 2087 conditionem
1690 2061 1788 2087 mor-

1015 2097 1062 2133 tis
1083 2097 1211 2138 subiit,
1224 2097 1287 2144 qui
1306 2098 1420 2134 vitam
1438 2097 1625 2134 universis
1645 2101 1788 2134 creatu-

1013 2144 1066 2180 ris
1086 2145 1239 2189 tribuit3
1262 2148 1299 2182 et
1320 2149 1491 2182 mortuus
1509 2148 1578 2190 est,
1601 2145 1664 2192 qui
1685 2155 1789 2183 mor-

1012 2195 1098 2228 tuos
1118 2192 1311 2229 suscitavit
1324 2204 1332 2237 ;
1346 2196 1383 2229 et
1394 2193 1592 2229 revolvens
1605 2192 1644 2229 in
1661 2195 1789 2229 mente

1013 2249 1082 2275 sua
1099 2240 1325 2276 documenta
1350 2241 1546 2287 praemissa
1568 2242 1663 2276 oret.
1684 2241 1785 2282 Jesu,

1012 2288 1077 2332 qm·
1091 2289 1130 2323 in
1142 2298 1244 2323 cruce
1260 2289 1416 2323 moriens
1428 2290 1590 2323 animam
1605 2291 1706 2323 tuam
1716 2289 1786 2323 Pa-

1011 2336 1062 2369 tri
1081 2335 1340 2371 commendasti
1356 2347 1366 2370 :
1386 2335 1434 2373 da
1452 2337 1544 2371 mihi
1562 2336 1601 2370 in
1620 2335 1687 2371 hac
1704 2335 1784 2370 vita

1010 2382 1080 2416 tibi
1098 2384 1345 2427 spiritualiter
1368 2385 1420 2418 sic
1440 2384 1625 2426 commori,
1644 2385 1780 2428 quate-

1009 2439 1076 2463 nus
1085 2431 1170 2465 tuin
1183 2431 1273 2465 hora
1282 2432 1409 2465 mortis
1419 2441 1501 2466 meae
1518 2430 1684 2473 digneris
1701 2430 1781 2465 ani-

1008 2486 1104 2511 mam
1124 2487 1239 2512 meam
1256 2479 1426 2513 miseram
1447 2478 1576 2512 habere
1595 2487 1772 2513 commen-

1009 2523 1147 2559 datam.
1173 2526 1249 2568 Eyo
1275 2529 1409 2560 autem.
1433 2526 1594 2567 Domine,
1622 2525 1662 2560 in
1685 2525 1774 2559 illas

1007 2581 1136 2606 manus
1159 2574 1240 2607 tuas
1261 2576 1427 2608 emensas
1447 2575 1480 2607 et
1499 2573 1729 2618 perforatas,
1745 2573 1780 2606 et

1009 2627 1114 2653 sacro
1145 2622 1322 2663 sanquine
1354 2629 1542 2665 respersas
1573 2617 1780 2654 commendo

1010 2667 1184 2710 spiritum
1205 2671 1238 2702 et
1258 2677 1386 2714 corpus
1406 2678 1543 2709 meum3
1563 2669 1598 2702 et
1613 2666 1779 2712 supplico

1012 2714 1164 2748 caritati
1196 2716 1277 2757 tuae,
1304 2718 1344 2750 ut
1374 2715 1414 2750 in
1447 2715 1649 2750 novissima
1688 2713 1780 2749 hora

1010 2761 1147 2804 possim
1162 2771 1242 2797 eum
1254 2763 1428 2798 memoria
1445 2762 1603 2805 integra,
1620 2759 1692 2806 fide
1708 2770 1778 2807 pu-

1010 2817 1066 2850 ra,
1083 2810 1116 2842 et
1135 2817 1198 2853 spe
1221 2810 1327 2853 firma
1341 2809 1504 2844 animam
1519 2818 1636 2844 ‘meam
1648 2809 1688 2843 in
1704 2817 1780 2843 ma-

1879 2837 1921 2874 ,
