1924 3157
130 170 171 206 92

136 253 198 280 mo
218 241 347 289 itaque
365 244 472 278 ,lesus
489 242 668 288 quamdiu
685 243 806 289 potuit
827 254 912 280 cru-

137 301 219 327 cem
239 300 343 326 suam
366 289 566 335 bajulavit3
589 294 721 336 postea
738 290 914 337 imposita

138 342 195 375 est
221 336 364 374 Simoni
387 346 553 381 congruo
577 336 708 373 ordine
730 338 910 384 mysterii.

184 387 229 420 58
249 385 381 419 Decrio
406 384 552 419 Cfflus‘rr
575 396 620 420 AD
639 385 827 421 Cim-sm:
849 397 914 421 Lo-

138 443 220 471 ccu,
237 442 448 466 noemmin
467 442 549 466 Tim
567 443 610 467 nx
630 443 687 476 EA,
709 444 816 468 ..serus
833 444 916 468 cox-

141 489 378 514 PORMATlONlS
406 489 447 513 ET
480 490 622 514 ORATIO.
655 499 700 505 —
725 482 773 515 Et
793 481 913 523 illum,

140 526 178 560 id
196 528 251 561 est
271 526 400 561 Jesum
428 524 480 560 sic
505 530 765 570 exoneratum,
788 527 854 562 scd
874 530 915 562 ut

140 573 324 608 latronem
341 571 513 608 funiculis
528 572 698 618 ligatum,
711 574 916 619 perducunt

138 622 175 654 in
197 619 375 663 Golqotha
393 620 522 663 locum,
543 620 640 665 quod
662 625 714 655 est
734 623 914 666 interpre-

142 670 257 702 tatum
285 667 463 702 calcar-iae
484 667 594 709 Iocus,
617 667 663 702 ad
687 667 916 713 crucifigen-

141 713 244 756 dum,
262 713 469 749 clamantes
489 718 526 748 et
542 718 624 759 post
645 713 765 759 ipsum
784 714 916 749 vociso-

142 766 280 796 rantes.
294 761 337 796 Et
350 764 417 795 ista
430 760 554 796 ductio
570 760 637 802 suit
652 760 917 806 exprobroshir

143 812 179 843 et
194 807 390 854 poenosior
403 807 502 843 inter
517 818 648 843 omnes
661 808 704 843 de
721 809 855 853 quibus
865 807 917 843 di-

141 858 240 890 ctum
263 859 319 890 est
343 864 470 900 supra,
500 854 672 900 pluribus
693 854 737 890 de
760 855 881 890 causis
906 865 914 890 ε

143 901 280 947 primo,
296 902 442 936 ratione
462 900 795 946 ig11‹›mi11iae‚quia
811 901 916 937 valde

137 948 433 994 ignominiosum
453 952 510 983 est
523 947 607 983 duci
626 948 671 984 ad
684 948 891 993 patibulum
906 959 914 992 ;

140 996 319 1039 secundo,
353 995 499 1030 ratione
535 995 728 1031 societatis
763 1008 772 1030 ι
802 998 916 1031 Duce-

143 1043 275 1078 bantzu·
295 1046 415 1078 autem
433 1046 466 1078 et
487 1043 556 1077 alii
573 1043 644 1078 duo
663 1053 819 1087 nequam
838 1053 918 1078 cum

141 1101 192 1133 eo,
212 1094 252 1125 ut
271 1092 570 1134 interficerentur,
586 1090 685 1135 quod
706 1089 918 1134 specialiter

140 1137 278 1173 sactum
301 1142 370 1180 cst,
389 1136 436 1172 ad
457 1136 638 1182 majorem
660 1147 765 1172 suam
788 1138 916 1173 confu-

141 1184 285 1220 sionem
306 1187 341 1219 et
365 1183 646 1228 verecundiam,
666 1187 798 1219 utnon
817 1184 917 1220 ride-

140 1235 245 1268 retur
285 1230 476 1267 distinctio
521 1230 621 1266 iuter
653 1231 842 1266 Christum
883 1234 919 1266 et

141 1279 235 1315 alios
258 1288 416 1324 nequam
436 1289 444 1321 ;
470 1277 595 1319 tertio,
615 1277 763 1313 ratione
788 1278 919 1314 multi-

141 1326 251 1372 plicis
277 1324 462 1361 comitivae
493 1328 529 1360 et
562 1326 697 1369 turbae,
729 1335 811 1370 quae
833 1335 918 1361 cum

142 1374 412 1419 sequebantur,
436 1372 500 1407 sed
519 1382 594 1407 non
612 1383 689 1407 una
712 1372 919 1418 eademque

143 1423 267 1456 m·.·nte
285 1431 292 1463 3
310 1424 457 1465 quarto,
477 1418 622 1454 ratione
644 1418 715 1454 luci
738 1419 784 1454 ad
805 1430 919 1465 quem

141 1467 378 1502 deduxerunt
403 1476 502 1506 oum,
525 1465 587 1511 qui
609 1465 806 1501 horrorem
828 1477 919 1511 prae-
950 1479 953 1498 ι

143 1515 265 1550 stabat
284 1513 423 1559 pariter
441 1516 478 1548 et
498 1513 683 1549 foetorem.
708 1534 753 1539 ——
776 1515 823 1548 Ex
846 1513 918 1549 isto
951 1528 953 1533 ’

142 1561 299 1597 articulo
327 1559 566 1596 deductionis
594 1561 632 1595 in
659 1560 844 1605 siolgotha
871 1561 918 1596 ad
951 1558 953 1561 ’

143 1608 437 1654 crucifigendum
472 1606 546 1642 tria
566 1608 770 1643 trahuntur
796 1608 918 1643 docu-

140 1660 279 1691 menta.
308 1676 354 1682 —
389 1654 555 1690 Primum
595 1659 664 1694 est,
701 1655 801 1700 quod
826 1655 921 1691 sicut
951 1668 953 1687 ;

141 1703 307 1740 Christus
328 1702 539 1738 voluntarie
559 1701 691 1737 ductus
713 1705 769 1737 est
785 1702 832 1737 ad
852 1712 919 1748 pa—

144 1750 320 1794 tibulum,
333 1754 525 1794 tamquam
542 1748 621 1784 ovis
639 1750 686 1784 ad
703 1749 892 1784 victimam
909 1761 918 1792 ;
951 1751 953 1791 ξ

143 1798 194 1834 sic
233 1801 270 1833 et
309 1807 378 1832 nos
415 1795 624 1831 voluntarie
661 1796 842 1832 ducamur
874 1797 921 1832 ad

145 1843 397 1881 obedIentiam
409 1843 673 1878 mandatorum
690 1843 766 1887 uei,
779 1848 815 1880 et
828 1854 920 1889 prce·
951 1846 953 1870 ³

144 1893 306 1927 latorum
324 1890 403 1926 vice
422 1891 503 1933 Dei,
522 1900 595 1935 qua
615 1891 769 1936 propria
795 1891 920 1927 volun-

144 1945 199 1976 tas
216 1942 417 1974 mai-tatur.
439 1958 482 1963 —
503 1938 716 1973 Secundum
729 1941 799 1981 est,
819 1939 920 1984 quod

143 1997 211 2022 nos
232 1985 338 2032 sequi
360 1985 539 2021 debemus
561 1985 748 2021 Christum
770 1990 920 2021 euntem

144 2034 191 2070 ad
218 2033 339 2068 locum
364 2043 439 2067 sure
462 2032 664 2074 Passionis,
685 2043 797 2077 super
826 2043 921 2068 nos—
952 2051 955 2072 ι

145 2081 487 2126 ipsosflentescum
500 2079 921 2116 mulieribusmisoram
952 2075 955 2102 ¹

148 2132 286 2163 nostrae
321 2126 465 2172 fragilis
492 2126 732 2169 conditionis,
756 2127 859 2173 quia,
884 2130 922 2163 ut

146 2175 233 2211 dicit
258 2175 490 2220 Theophilus
518 2184 605 2209 men
630 2174 815 2218 sinfirma,
838 2185 920 2220 quae

147 2222 382 2268 significatur
401 2231 468 2266 per
491 2221 684 2264 seminam,
707 2221 751 2264 si,
773 2225 921 2267 sumpta
952 2245 954 2248 -

146 2270 269 2305 cordis
296 2268 538 2308 contritione,
566 2279 634 2314 per
656 2269 920 2315 poenitentiam
952 2264 954 2297 ἶ

144 2317 222 2359 flet,
259 2316 427 2362 sequitur
453 2315 656 2352 Christum.
687 2317 790 2352 Unde
823 2317 920 2352 hanc

146 2364 427 2410 processionem
449 2363 704 2408 plangentium
723 2367 757 2399 et
780 2363 919 2409 lugen-

144 2414 239 2447 tium
257 2415 342 2457 post
362 2409 563 2446 Dominum
583 2414 918 2456 repraesentamus,

147 2461 298 2504 quando
321 2456 578 2504 processiones
609 2461 645 2493 et
674 2457 824 2492 litanias
850 2468 918 2504 pro

146 2505 333 2551 aliquibus
354 2504 639 2540 imminentibus
661 2504 838 2550 periculis
865 2506 918 2540 sa-

147 2552 279 2597 cimus,
309 2556 510 2596 sequentes
543 2562 693 2586 crucem
720 2563 803 2597 qnae
832 2556 918 2587 ante
947 2523 954 2620 Ι

145 2599 425 2646 processionem
453 2598 653 2642 bajulatur.
678 2599 787 2640 Quasi
809 2598 919 2634 dica—

595 173 800 209 SECUNDAE
839 175 994 210 murts
1033 176 1168 210 CAPUT
1207 173 1302 208 Lxll

987 255 1072 280 mus
1094 256 1102 280 z
1125 246 1309 279 Eoeeamus
1329 242 1377 278 acl
1397 252 1476 277 eum
1495 242 1600 276 eoetra
1621 245 1757 285 castra,

986 293 1248 336 improperium
1285 290 1364 334 ejus
1392 291 1605 334 portantes,·
1643 288 1755 325 etsie

982 339 1088 384 juxta
1121 337 1341 373 mandatum
1370 335 1518 372 Domini
1543 334 1757 382 plangimus

986 396 1099 429 super
1118 395 1186 420 nos
1206 388 1243 420 et
1264 394 1376 429 super
1395 382 1493 419 tilios
1514 387 1677 433 nostros.
1703 382 1758 419 Si-

987 432 1237 468 militudinem
1259 441 1348 476 orgo
1380 429 1636 476 processmnis
1655 429 1758 466 illius

987 479 1248 522 amarissimae,
1270 488 1383 522 quam
1418 477 1589 513 Christus
1609 477 1756 512 conde-

987 532 1138 562 mnatus
1156 526 1353 569 fecit,dum
1367 524 1414 560 ad
1428 524 1550 560 locum
1568 523 1759 560 Passionis

987 574 1211 609 educeretur
1232 572 1432 618 explendo,
1460 571 1588 608 animo
1614 569 1757 606 dolenti

987 620 1231 666 conqueraris
1245 618 1443 662 Crucifixo,
1465 620 1563 664 quod
1582 617 1759 654 affectum

986 672 1062 703 tam
1100 667 1287 703 fervidum
1319 666 1367 714 ad
1403 676 1509 701 suam
1539 665 1760 702 Passionem

987 719 1095 758 prout
1133 714 1289 761 dignum
1322 716 1391 757 est,
1417 723 1492 748 non
1512 713 1666 757 habeas,
1690 722 1761 747 nee

987 763 1168 798 hactenus
1204 760 1381 798 habuisti.
1417 780 1460 787 —-
1491 759 1656 796 Tertium
1688 762 1759 803 est,

989 810 1087 853 quod
1105 808 1297 854 peregrini
1315 818 1380 853 pro
1391 806 1627 853 poenitentia,
1649 809 1686 842 et
1704 816 1761 841 re-

988 856 1111 901 ligiosi
1144 866 1213 901 pro
1238 854 1457 892 obedientia
1478 865 1545 900 per
1567 856 1645 889 vias
1665 863 1761 888 eun-

989 906 1058 946 tes,
1082 903 1111 938 si
1133 902 1335 948 aliquando
1359 903 1557 943 lassantur,
1578 910 1761 937 rememo-

990 951 1066 986 rari
1103 950 1243 985 debent
1274 948 1381 984 istius
1419 947 1565 984 itineris
1603 945 1760 991 Christi,

990 1008 1062 1043 quo
1084 999 1129 1033 ad
1167 996 1373 1043 patibulum
1412 995 1639 1039 ducebatur;
1669 1004 1760 1040 quo-

989 1046 1091 1080 niam
1131 1045 1182 1080 ita
1223 1044 1343 1080 lassus
1366 1042 1448 1086 fuit,
1486 1042 1586 1088 quod
1613 1050 1762 1078 crucem

989 1102 1057 1137 per
1075 1102 1113 1127 se
1133 1091 1292 1137 amplius
1322 1091 1419 1126 ferre
1440 1089 1621 1135 nequivit,
1645 1087 1762 1124 nimi-

989 1149 1072 1174 rum
1099 1150 1183 1174 cum
1201 1149 1270 1184 per
1293 1141 1411 1173 totam
1434 1141 1582 1172 noctem
1604 1139 1641 1173 et
1661 1135 1761 1171 diem

989 1185 1092 1221 illam
1130 1185 1386 1231 multipliciter
1428 1183 1605 1229 fatigatus
1635 1182 1760 1219 suerit.

991 1233 1027 1268 Si
1048 1232 1164 1277 igitur
1185 1233 1356 1269 Salvator
1376 1235 1506 1266 noster
1524 1234 1669 1266 tantam
1693 1229 1764 1265 las-

991 1279 1195 1316 situdinem
1212 1290 1296 1316 cum
1325 1282 1429 1314 tanta
1448 1277 1658 1324 ignominia
1694 1287 1761 1323 pro

992 1327 1101 1363 nobis
1114 1327 1272 1363 sufferre
1288 1330 1342 1362 est
1354 1325 1543 1370 dignatus,
1559 1335 1625 1360 cur
1638 1327 1675 1360 et
1694 1334 1763 1359 nos

992 1379 1146 1420 propter
1166 1385 1251 1410 eum
1272 1372 1459 1409 modicum
1489 1372 1656 1407 laborem
1679 1370 1762 1414 viae,

993 1425 1128 1457 etcum
1142 1425 1269 1457 nostro
1283 1422 1425 1456 honore
1435 1418 1766 1455 nonsustinemus‘?

992 1489 1035 1494 —
1056 1469 1113 1504 Ad
1135 1467 1447 1504 conformandum
1464 1477 1502 1502 se
1523 1465 1610 1501 huie
1629 1465 1765 1501 articu-

993 1516 1043 1559 lo,
1058 1516 1239 1562 recogitet
1257 1516 1384 1558 homo,
1400 1524 1485 1549 cum
1500 1517 1641 1558 quanta
1656 1512 1762 1559 igno-

993 1563 1109 1599 minia
1138 1564 1316 1599 Dominus
1340 1565 1468 1596 noster
1490 1561 1701 1596 ducebatur
1717 1559 1765 1595 ad

991 1610 1200 1656 patibulum
1221 1620 1288 1657 pro
1310 1616 1441 1644 nostra
1460 1618 1599 1653 magna
1624 1606 1761 1653 gloria,

993 1663 1030 1694 et
1050 1659 1137 1694 fleat
1161 1668 1245 1693 cum
1277 1655 1417 1692 sanctis
1439 1654 1660 1691 mulieribus
1681 1654 1763 1690 sun-

951 1736 953 1738 ,
993 1706 1114 1742 dendo
1137 1705 1320 1750 lacrymas
1340 1703 1472 1739 saltem
1494 1701 1634 1745 cordis,
1657 1700 1762 1738 etsie

994 1758 1074 1789 oret
1097 1764 1104 1788 :
1129 1754 1225 1793 Jesu,
1249 1754 1314 1797 qui
1339 1751 1388 1786 ud
1412 1749 1696 1794 crucifiqendum
1723 1750 1762 1783 in

951 1818 953 1843 3
995 1801 1171 1844 Golgyotha
1203 1800 1288 1834 duci
1318 1798 1481 1841 voluisti,
1506 1796 1621 1831 deduc
1641 1805 1695 1831 me
1728 1797 1768 1831 in'

993 1850 1158 1883 semitam
1179 1846 1434 1882 mundatorum
1453 1848 1610 1887 tuorum,
1631 1846 1672 1879 ut
1689 1853 1766 1878 cum

993 1896 1130 1930 sanctis
1163 1893 1380 1929 mulieribus
1412 1896 1482 1928 tuae
1518 1901 1652 1936 sequar
1686 1891 1768 1925 *rias

992 1943 1192 1983 Passionis,
1209 1944 1242 1976 et
1261 1950 1369 1986 super
1389 1941 1566 1984 meipsum
1582 1940 1687 1983 [leam
1700 1938 1767 1972 mi-

993 1991 1125 2025 ser-iam
1145 1990 1303 2034 propriae
1323 1987 1555 2023 conditionis.

1041 2040 1086 2083 59
1119 2036 1267 2079 Quam
1301 2045 1430 2070 PAssUS
1470 2044 1532 2068 Es'r
1574 2032 1766 2076 Cmusws,

993 2095 1183 2123 ANTEQUAM
1219 2091 1543 2118 CRUCIHGERETL'R.
1577 2099 1623 2106 -—
1655 2078 1768 2115 Vides

993 2132 1121 2177 itaque
1155 2130 1342 2176 quomodo
1378 2129 1458 2164 haec
1490 2137 1573 2173 quae
1608 2126 1647 2162 in
1673 2126 1767 2161 hora

994 2176 1260 2224 Completorii,
1294 2174 1529 2218 Matutinali‚
1571 2173 1696 2209 Prima
1731 2176 1769 2208 et

993 2226 1117 2262 Tertia
1152 2235 1284 2270 passus
1316 2226 1371 2259 est
1402 2221 1598 2265 Dominus,
1625 2221 1766 2263 absque

994 2273 1119 2318 aliqua
1131 2270 1386 2314 crucifixione,
1400 2267 1718 2305 vehementissimi
1732 2270 1769 2302 et

993 2319 1218 2356 amarissimi
1251 2318 1390 2354 doloris
1421 2320 1508 2353 sunt
1544 2319 1581 2351 et
1600 2314 1768 2351 horroris

993 2368 1101 2403 valde
1123 2364 1310 2412 stupendi.
1339 2365 1429 2401 Cum
1456 2362 1554 2399 enim
1575 2362 1613 2398 in
1630 2371 1767 2398 manus

993 2415 1194 2461 impiorum
1216 2412 1414 2448 duvolutus
1436 2415 1533 2447 esset
1550 2412 1670 2445 morte
1690 2412 1764 2444 tur-

991 2462 1146 2508 pissima
1177 2459 1506 2503 consummandus,
1526 2466 1664 2504 parum
1685 2458 1766 2508 erat

993 2507 1185 2554 sacrilegis
1214 2506 1286 2542 illis
1317 2506 1543 2549 crucifigere
1565 2513 1665 2547 eum,
1693 2502 1765 2555 nisi

991 2556 1097 2602 prius
1119 2553 1312 2591 doloribus
1342 2557 1379 2588 et
1408 2550 1650 2588 illusionibus
1679 2560 1767 2585 ani—

993 2614 1092 2639 mam
1111 2603 1192 2648 ejus
1214 2601 1479 2646 replevissent.
