1924 3157
491 174 734 212 GONGLUSIO
772 173 893 209 LIBRI
933 174 984 209 ET
1021 173 1234 209 SIGNATIO
1275 172 1392 207 Esus.
1697 169 1753 204 311

843 295 1015 334 ORATIO

160 395 318 434 Domine
347 397 435 433 Jesu
460 394 620 440 Christe,
641 392 734 430 mihi
771 391 894 439 fragili
917 390 1096 436 concede,
1124 393 1167 428 ut
1198 390 1299 427 inter
1324 390 1493 428 diversas
1518 389 1633 436 hujus
1666 387 1755 425 vitae

110 443 328 482 dulcedines
342 453 501 490 corpore
521 441 663 488 vivens,
687 445 812 478 mente
831 439 870 477 in
889 439 1081 476 infernum
1098 438 1341 482 descendam,
1364 442 1402 474 et
1425 447 1557 485 poenas
1578 438 1753 483 peccato-

108 491 214 529 ribus
236 493 383 537 paratas
400 489 643 527 considerans
666 494 703 526 et
725 488 926 532 meditans,
949 486 1070 534 magis
1097 485 1257 522 sollicite
1281 497 1303 522 a
1319 487 1486 532 peccatis
1518 494 1686 524 caveam,
1707 493 1755 520 ne

109 538 274 576 moriens
300 538 387 575 illuc
409 537 652 581 descendere,
674 541 710 573 et
730 546 864 583 poenas
885 535 986 581 ipsas
1007 533 1169 580 experiri
1191 534 1413 579 compellar.
1438 535 1491 569 Da
1508 531 1625 569 etiam
1643 529 1752 574 mihi,

110 585 282 630 Domine,
299 585 400 622 inter
416 585 554 622 multas
575 585 685 631 hujus
704 583 789 620 vitae
810 581 1082 620 amaritudines
1100 580 1237 618 divinae
1257 580 1447 617 dulcedini
1468 579 1632 624 inhiare,
1651 581 1689 614 et
1706 578 1753 614 ad

110 637 291 671 aeternam
327 632 600 670 beatitudinem
634 632 825 679 suspirare
858 629 1009 677 illicque
1037 634 1202 666 mentem
1228 632 1382 672 tenere;
1404 632 1441 664 et
1462 629 1517 664 l'ac
1541 631 1582 664 ut
1603 635 1755 672 semper

107 681 178 718 tibi
197 681 426 726 adhaeream,
448 679 538 716 nihil
567 684 705 726 praeter
730 684 766 716 te
785 677 954 725 diligam,
977 677 1069 714 nihil
1101 686 1288 723 quaeram,
1324 676 1416 711 nihil
1442 675 1556 712 ctiam
1589 673 1757 720 cogitare

109 727 386 776 concupiscam,
399 732 437 765 et
453 726 506 765 sic
525 727 678 765 tandem
692 726 741 764 ad
756 731 794 764 te
815 728 934 764 Deum
954 729 991 764 et
1007 725 1211 763 Dominum
1232 734 1359 761 meum
1371 723 1603 771 perveniam.
1617 723 1752 760 Amen.

717 934 900 983 CAPUT
939 935 1163 982 LXXXIX

550 1077 763 1109 CONCLUSIO
793 1078 897 1108 LIBRI
927 1078 978 1108 ΕΤ
1007 1077 1188 1108 SIGNATIO
1215 1077 1324 1107 EJUS.

161 1222 174 1244 1
196 1207 402 1243 Per-ennio
421 1215 607 1241 Aneroms.
621 1224 668 1231 —-
687 1202 808 1240 Habes
826 1202 893 1249 igi-

107 1257 170 1292 tur
189 1265 233 1291 ex
249 1251 441 1300 praedictis
460 1252 576 1288 vitam
600 1250 747 1287 Domini
773 1251 892 1287 nostri

105 1303 195 1340 Jesu
225 1301 377 1346 Christi,
405 1301 729 1347 qualitercumque
753 1298 894 1334 descri-

106 1353 227 1398 ptam,
248 1353 286 1386 et
305 1359 374 1396 pro
395 1358 535 1393 magna
556 1351 660 1394 parto
682 1345 895 1383 meditatio-

108 1397 222 1435 nibus
256 1396 326 1433 tibi
360 1395 557 1440 traditam,
579 1395 617 1430 in
648 1405 735 1440 qua,
757 1398 795 1430 ct
827 1404 895 1440 per

110 1455 238 1492 quam,
265 1455 334 1481 nos
368 1443 529 1480 miseros
567 1442 726 1478 mirilice
760 1452 893 1478 conso-

108 1493 222 1530 lando
243 1492 400 1536 refovet,
415 1494 452 1527 ct
471 1501 574 1537 spem
596 1489 705 1526 nobis
726 1493 896 1536 peccato-

108 1540 214 1578 ribus
235 1549 415 1585 magnam
438 1539 592 1584 praebet.
612 1539 705 1574 Nam
726 1547 794 1584 pro
815 1547 894 1583 pec-

108 1587 298 1626 catoribus
317 1590 372 1624 est
396 1586 630 1629 incarnatus,
652 1589 690 1622 et
709 1596 794 1621 cnm
812 1595 893 1631 pec—

108 1634 299 1673 catoribus
335 1634 496 1671 libenter
527 1636 796 1677 conversim&
823 1643 890 1678 pro

108 1685 197 1730 ipsis
225 1682 339 1719 ctiam
364 1681 404 1718 in
426 1684 546 1718 morte
566 1691 698 1728 preces
720 1681 890 1726 sundere,

108 1734 145 1768 et
163 1731 319 1768 tandem
344 1740 410 1776 pro
436 1728 576 1766 talibus
602 1728 696 1765 mori
729 1738 805 1763 non
837 1731 893 1763 est

107 1778 347 1825 dedignatus.
374 1777 497 1813 Habes
516 1776 654 1823 quippe
677 1775 890 1812 meditatio-

108 1837 201 1863 num
235 1825 490 1873 spiritualium
531 1823 777 1860 scminarium
795 1851 805 1867 ,
849 1834 892 1859 ex

107 1873 244 1922 quibus
279 1872 317 1909 in
340 1875 378 1909 te
415 1871 533 1909 divini
571 1873 713 1908 amoris
747 1871 892 1907 fructus

106 1921 260 1959 uberior
279 1919 423 1957 oriatur
445 1923 481 1956 et
502 1923 646 1956 crescat
667 1931 675 1955 ;
700 1922 740 1956 ut
765 1918 892 1954 medi—

106 1969 198 2006 tatio
230 1968 408 2005 affectum
427 1967 575 2011 excitet,
603 1967 762 2003 all'eetus
793 1965 891 2002 dosi-

107 2015 255 2054 derium
284 2015 421 2063 pariat,
448 2013 679 2051 desiderium
706 2014 891 2060 lacrymas

108 2066 329 2111 extorqueat
350 2073 358 2099 :
381 2066 421 2099 ut
440 2062 515 2098 sint
536 2062 604 2098 tibi
624 2063 801 2109 lacrymo}
818 2065 891 2098 tuae

107 2122 226 2166 panes
251 2111 312 2147 die
335 2120 379 2146 ac
407 2114 530 2151 nocte,
552 2110 673 2146 donee
707 2120 891 2156 appareas

107 2171 147 2197 in
176 2161 378 2204 conspectu
404 2157 555 2194 Domini
580 2159 686 2202 Jesu,
708 2161 745 2193 et
771 2155 891 2193 susi-i-

108 2206 226 2255 piaris
258 2207 305 2243 ab
329 2204 564 2252 amplexibus
594 2206 689 2252 ejus,
715 2204 890 2250 dicasque

109 2254 214 2299 illud,
234 2253 337 2301 quod
358 2252 539 2299 scriptum
560 2256 615 2289 est
636 2252 673 2289 in
697 2251 859 2290 Canticis
879 2263 887 2288 :

107 2303 270 2340 Dilectus
286 2311 386 2337 meus
406 2302 510 2342 milti,
529 2304 563 2337 et
579 2311 641 2345 eqo
662 2302 806 2342 illia...
826 2302 892 2335 in·-

109 2353 163 2388 ter
181 2350 293 2386 ubera
311 2359 403 2392 mea,
421 2347 459 2384 id
479 2351 535 2384 est
561 2348 657 2384 inter
674 2348 893 2384 affectiones

108 2407 228 2442 meas,
244 2396 537 2433 commorabitur.
555 2395 660 2432 Unde
674 2395 725 2432 ait
740 2398 892 2432 Remur-

109 2446 178 2482 dus
201 2457 210 2480 :
234 2457 252 2478 «
274 2443 329 2480 Sit
354 2443 474 2479 dulcis
508 2446 545 2479 et
575 2444 700 2479 suavis
736 2442 890 2479 alfe-:lui

108 2492 290 2530 Dominus
310 2495 443 2527 contra
465 2490 573 2527 malae
601 2492 731 2538 utique
764 2491 891 2527 dulces

110 2541 198 2576 vitae
235 2538 397 2575 carnalis
436 2538 657 2582 illecebras3
698 2542 735 2574 et
767 2538 892 2573 vincat

111 2586 350 2624 dulcedinem
377 2585 550 2628 dulcedo,
573 2586 891 2632 quemadmodum

110 2636 259 2672 clavum
286 2633 413 2669 clavus
445 2633 597 2679 expellit
624 2645 632 2669 :
656 2647 674 2666 »
698 2635 776 2669 lucc
804 2636 891 2669 Bm·-

110 2683 264 2720 nar-ilus
295 2681 446 2727 Susripe
470 2682 596 2727 iiaspie
618 2685 834 2717 reverenter
856 2684 893 2716 et

111 2730 322 2778 gaudenter
341 2728 535 2775 pra-dicta,
557 2733 591 2765 et
614 2729 650 2765 in
671 2730 725 2765 eis
751 2727 893 2765 versari

112 2789 189 2815 non
209 2776 398 2825 pigriteris
425 2776 676 2813 sollicitudine
704 2781 741 2813 et
772 2776 894 2813 devo-

114 2825 218 2864 tione
235 2828 314 2862 tota
333 2835 340 2861 :
359 2823 448 2872 quia
466 2824 548 2862 liaec
565 2828 620 2862 est
639 2824 715 2862 vita
729 2828 807 2872 tua,
824 2825 895 2861 lioc

971 1205 1027 1240 est
1047 1201 1337 1239 fundamentum
1358 1211 1472 1249 super
1493 1202 1594 1249 quod
1616 1202 1760 1249 poteris

971 1260 1150 1297 magnum
1170 1250 1371 1286 aedificium
1392 1253 1635 1287 construere:
1655 1252 1692 1286 et
1707 1250 1754 1287 ab

970 1299 1041 1334 hoc
1062 1302 1099 1334 te
1130 1301 1279 1344 oportet
1304 1297 1486 1344 incipere,
1508 1297 1540 1335 si
1563 1297 1612 1335 ad
1638 1296 1755 1335 subli-

971 1346 1093 1382 miora
1114 1345 1168 1382 vis
1187 1345 1454 1382 conscendere.

1020 1396 1279 1430 MEDITATIONIS
1298 1405 1389 1429 vivs
1409 1393 1555 1429 Cnmsn
1579 1403 1753 1430 nomeno-

971 1462 1017 1467 —
1038 1443 1130 1478 Nam
1151 1443 1231 1477 liaec
1251 1440 1336 1476 vitae
1358 1442 1450 1477 Jesu
1475 1439 1612 1477 Christi
1632 1440 1754 1477 medi-

970 1488 1078 1533 tatio,
1094 1500 1170 1525 non
1181 1489 1302 1524 solum
1319 1498 1384 1534 per
1396 1499 1434 1524 se
1449 1486 1612 1524 dulciter
1624 1488 1755 1533 pascit,

971 1537 1038 1573 sed
1064 1538 1177 1573 etiam
1196 1536 1244 1572 ad
1266 1536 1450 1582 majorem
1476 1535 1602 1572 cibum
1625 1538 1755 1572 trans-

972 1584 1097 1620 mittit.
1127 1586 1213 1620 IIaec
1233 1585 1334 1620 enim
1357 1587 1444 1620 sunt
1463 1593 1549 1629 qnae
1576 1582 1758 1620 Dominus

969 1634 1078 1670 Jesns
1105 1631 1221 1678 gessit
1242 1630 1280 1667 in
1306 1641 1439 1675 carne;
1461 1631 1526 1667 sed
1552 1631 1663 1677 longe
1692 1641 1754 1667 su-

971 1679 1122 1716 blimius
1143 1683 1201 1716 est
1219 1689 1307 1716 eum
1327 1679 1363 1714 in
1382 1678 1517 1725 spiritu
1535 1677 1688 1723 intueri,
1703 1678 1752 1714 ad

971 1728 1071 1774 quod
1090 1738 1158 1774 per
1177 1728 1274 1763 lianc
1291 1727 1432 1763 scalam
1451 1725 1592 1773 poteris
1610 1735 1752 1772 perve-

971 1786 1067 1820 nire,
1093 1775 1160 1811 sed
1181 1774 1220 1810 in
1246 1775 1318 1810 hae
1336 1774 1488 1810 interim
1516 1775 1666 1820 oportet
1684 1772 1754 1810 im-

971 1822 1125 1859 morari.
1149 1824 1224 1858 Nec
1242 1825 1372 1858 tamen
1399 1821 1463 1867 qui
1488 1821 1537 1857 ad
1569 1821 1754 1867 majorem

970 1869 1330 1917 contemplationem
1350 1868 1572 1913 ascendunt,
1590 1869 1688 1905 hanc
1702 1867 1756 1905 di-

969 1918 1119 1954 mittere
1141 1918 1281 1954 debent
1296 1927 1363 1964 pro
1381 1917 1462 1953 loco
1477 1919 1514 1953 et
1530 1927 1597 1963 pro
1612 1919 1755 1962 tempo-

968 1977 1024 2010 re,
1035 1965 1123 2012 quia
1137 1966 1207 2001 hoc
1220 1970 1478 2007 essetmagnae
1492 1964 1753 2011 praesumptio-

968 2014 1026 2050 nis
1044 2019 1081 2050 et
1099 2012 1299 2059 superbiae.
1321 2012 1425 2049 Unde
1444 2011 1668 2056 Bernardus,
1687 2011 1751 2058 qui
1768 2046 1775 2052 ,

968 2062 1243 2106 contemplator
1280 2059 1484 2096 altissimus
1525 2058 1615 2103 fuit,
1653 2059 1757 2095 hanc.

968 2119 1177 2154 numquam
1203 2107 1360 2152 dimisit,
1382 2109 1495 2154 prout
1515 2105 1690 2153 superius
1709 2105 1750 2142 in

967 2155 1153 2204 prooemio
1190 2155 1318 2191 videre
1349 2155 1432 2201 quis
1471 2155 1624 2201 poterit.
1661 2155 1750 2190 Haec

969 2204 1106 2251 quippo
1121 2202 1265 2240 dulcius
1278 2202 1506 2248 sapit,atque
1521 2200 1699 2238 fiduciam
1711 2203 1748 2237 et

969 2250 1268 2288 consolationem
1304 2249 1425 2295 magis
1455 2248 1602 2286 tribuit.
1643 2248 1749 2285 Unde

968 2299 1021 2336 ait
1038 2300 1233 2335 Anselmus
1251 2311 1261 2333 .·
1282 2310 1300 2332 «
1317 2299 1405 2334 Jesu
1420 2297 1531 2337 bone,
1545 2306 1658 2343 quam
1671 2295 1752 2332 dul-

967 2347 1021 2383 cis
1043 2350 1082 2383 es
1102 2345 1140 2382 in
1159 2345 1271 2382 corde
1292 2344 1490 2391 cogitantis
1512 2344 1626 2388 dete,
1648 2347 1686 2380 et
1698 2342 1753 2380 di-

968 2393 1118 2441 ligentis
1140 2399 1188 2430 te.
1212 2394 1255 2428 Et
1275 2397 1377 2429 certe
1399 2391 1540 2437 nescio,
1568 2392 1658 2438 quia
1681 2401 1751 2428 nec

968 2444 1078 2489 plene
1099 2440 1418 2487 comprehendere
1435 2439 1555 2484 valeo,
1577 2439 1676 2475 unde
1695 2442 1752 2475 est

969 2492 1039 2525 hoc.
1061 2501 1069 2525 z
1099 2489 1199 2535 qnod
1228 2487 1374 2524 dulcior
1407 2498 1447 2524 cs
1470 2486 1509 2523 in
1531 2487 1644 2523 corde
1664 2485 1752 2523 dili-

969 2538 1090 2584 gentis
1125 2540 1174 2580 te,
1195 2535 1234 2571 in
1255 2546 1299 2572 eo
1321 2535 1422 2582 quod
1449 2545 1536 2571 caro
1560 2545 1615 2578 es,
1637 2544 1751 2581 quam

970 2585 1007 2621 in
1024 2596 1067 2620 eo
1081 2585 1180 2630 qnod
1197 2584 1374 2627 Verbum3
1388 2582 1535 2619 dulcior
1546 2582 1638 2618 ineo
1651 2581 1752 2627 quod

969 2632 1135 2676 humilis,
1159 2641 1271 2677 quam
1293 2631 1330 2666 in
1362 2642 1406 2667 eo
1429 2630 1530 2676 quod
1562 2629 1749 2666 sublimis.

971 2679 1163 2725 Siquidem
1185 2679 1294 2725 longe
1316 2678 1462 2715 dulcius
1477 2680 1533 2714 est
1555 2676 1748 2713 memoriae

970 2726 1160 2774 diligentis
1182 2730 1230 2771 te,
1255 2726 1382 2763 videre
1400 2729 1436 2763 te
1457 2737 1501 2762 ex
1526 2726 1645 2762 Matre
1667 2723 1746 2760 Vir-

969 2776 1056 2823 gine
1094 2776 1129 2810 in
1166 2778 1336 2821 tempore
1371 2778 1499 2810 natum
1514 2801 1523 2818 ,
1563 2781 1675 2818 quam
1710 2770 1747 2807 in

970 2821 1235 2872 splendoribus
1256 2823 1482 2860 Sanctorum
1501 2823 1588 2858 ante
1617 2817 1747 2856 lucife-
