1924 3157
295 138 344 171 DE
383 136 577 171 SECUNDO
618 137 942 174 coilrtfirottto
983 140 1023 174 IN
1063 141 1281 177 PASSIONE
1321 143 1489 179 buittxt.
1658 145 1712 179 ¹57

819 257 992 294 ORATIO

124 374 281 411 Domine
301 376 391 411 Jesu
411 375 572 419 Christe,
594 377 656 422 qui
680 377 772 413 hora
796 374 1038 421 Completorii
1061 378 1294 414 aromatibus
1317 379 1404 426 ungi
1428 384 1465 416 et
1490 380 1652 425 condiri,
1673 393 1717 419 ac

78 421 237 458 sindone
264 427 302 459 et
328 422 410 459 aliis
437 423 562 460 linteis
592 423 745 462 inviilvi,
776 429 810 459 et
839 423 962 469 ligari,
991 425 1107 459 Mati-e
1134 434 1282 470 qunque
1310 430 1373 462 tiia
1406 431 1440 462 i·t
1475 428 1559 464 aliis
1586 429 1718 466 amicis

77 469 148 506 tuis
162 470 456 507 lamentantibus
476 471 522 507 ad
542 470 799 518 sepeliendum
816 470 957 518 poi-tari
975 475 1010 506 et
1028 472 1178 516 sepeliri
1199 472 1367 516 viiliiisti3
1386 474 1433 510 da
1449 475 1554 520 milii,
1572 487 1715 522 quaeso,

77 520 115 552 ut
134 521 169 553 te
191 517 423 554 aromatibus
446 518 625 560 intingam
645 529 710 564 per
735 520 941 554 ferventem
962 518 1218 562 devotionem,
1244 524 1279 556 et
1299 521 1435 557 bonnm
1454 524 1714 560 conversatio-

77 575 159 601 nem
178 576 186 609 ;
205 565 364 602 sindone
387 569 423 601 et
445 565 728 602 iiiiii·aminibus
749 570 783 602 te
809 565 1010 609 involvi-im,
1034 576 1101 612 pei*
1134 568 1316 604 mundam
1340 568 1542 606 affectione
1564 574 1599 607 et
1621 583 1710 608 cou-

75 612 242 649 scientiae
263 613 489 658 pui·it.·item;
513 613 698 650 lanieutei·
732 617 766 648 te
789 614 963 659 lacrymis
986 613 1219 660 poenitentiae
1247 618 1284 651 et
1311 616 1599 663 compassionis,
1621 630 1716 665 por-

76 662 224 706 temque
253 659 416 697 brachiis
447 659 654 697 caritativae
685 664 721 697 et
745 661 898 697 humilis
937 660 1188 708 iipei·aiionis;
1218 666 1255 698 et
1280 663 1461 709 sepeliam
1485 668 1520 701 te
1543 665 1578 701 in
1603 667 1715 702 corde

76 717 174 761 meo,
200 718 265 753 per
282 707 411 754 jugem
430 708 747 751 recordationem,
762 712 797 744 et
820 719 1066 753 memoriam3
1090 712 1128 745 ut
1147 713 1183 746 et
1201 710 1348 756 egotibi
1364 712 1610 759 consepultus
1634 724 1714 760 per-

71 765 199 792 vemre
214 759 337 792 tecum
362 766 511 792 merear
534 755 581 792 ad
600 755 892 793 resurrectionis
912 756 1074 805 gloriam
1095 757 1231 794 Amen.

696 981 880 1028 CAPUT
933 981 1086 1027 LXVll

305 1130 495 1160 BPILOGUS
515 1129 715 1159 DOMINICAE
743 1128 965 1165 PASSIONIS,
994 1129 1043 1157 ET
1071 1128 1121 1157 DE
1144 1128 1275 1157 LAUDE
1300 1129 1454 1158 CRUCIS.

121 1273 132 1295 1
162 1259 295 1296 PAssio
328 1260 475 1296 Cmusn
504 1270 608 1295 Nonis
631 1271 701 1296 EUM
720 1270 850 1296 nentur

69 1317 263 1343 mamm-zu.
286 1327 328 1332 —
341 1306 548 1344 Considera
566 1318 663 1344 nunc
679 1318 763 1353 quae
782 1318 848 1352 pro

69 1354 192 1390 salute
213 1353 379 1391 hominis
399 1354 746 1401 oniniti=mpore,et
763 1366 848 1402 spe-

70 1401 219 1439 cialiter
233 1402 489 1449 hodiepassus
512 1408 569 1439 est
592 1403 789 1446 Dominus,
810 1406 851 1438 ut

49 1448 156 1486 'inde
192 1450 368 1487 advertas
404 1454 586 1497 quantum
615 1450 686 1487 sibi
713 1452 851 1487 debeat

68 1496 226 1544 quilibet
246 1497 505 1542 Christiaiius;
527 1499 605 1534 brec
629 1497 728 1534 enim
767 1508 849 1543 quae

69 1555 136 1591 pro
149 1545 256 1582 nobis
270 1556 404 1592 passus
416 1552 484 1584 est.
500 1556 612 1589 super
624 1546 752 1582 omnia
767 1556 849 1592 quae

67 1597 244 1640 operatus
282 1599 352 1638 est,
382 1593 490 1630 valde
525 1593 728 1630 amabilem
763 1604 849 1630 eiim

68 1640 178 1677 nobis
199 1641 375 1683 reddunt,
400 1645 436 1677 et
458 1651 526 1677 nos
547 1641 594 1677 ad
614 1652 700 1677 eum
722 1652 850 1677 arnan-

67 1687 157 1724 dum
189 1688 325 1725 fortius
357 1690 586 1734 astringunt.
621 1689 726 1725 Unde
760 1688 850 1724 dicit

66 1736 276 1772 Ber-nardus
294 1749 304 1772 .·
320 1750 336 1769 «
358 1736 472 1772 Valde
488 1735 643 1773 oiiinino
661 1736 849 1772 amandus

64 1788 123 1820 est
157 1783 264 1827 mihi,
301 1794 366 1828 per
398 1794 508 1830 quem
546 1795 643 1828 suni,
677 1784 774 1825 vivo,
813 1787 850 1819 et

65 1830 184 1876 sapio.
206 1832 277 1868 Pro
296 1832 354 1868 his
372 1842 461 1878 ergo
479 1831 532 1868 ita
548 1842 629 1868 sum
649 1842 782 1868 amans
796 1835 846 1876 te,

65 1885 248 1926 quantum
282 1890 450 1926 possum.
476 1879 547 1916 Sed
572 1883 627 1916 est
651 1879 753 1926 quod
788 1890 848 1915 me

64 1927 148 1974 plus
163 1930 300 1970 movet,
319 1927 402 1974 plus
422 1930 543 1973 urget,
558 1927 642 1974 plus
658 1927 845 1963 accendit.

65 1975 186 2022 Super
203 1975 344 2019 omnia,
368 1974 537 2021 inquam,
562 1975 685 2011 reddit
701 1974 845 2011 amabi-

65 2021 139 2058 lem
162 2026 199 2058 te
224 2022 330 2067 mibi,
353 2023 450 2059 bone
479 2024 581 2067 Jesu,
606 2022 700 2059 calix
731 2033 844 2068 quiem

65 2069 208 2114 bibisti,
245 2080 339 2117 opus
371 2074 508 2106 nostrae
547 2069 844 2117 redemptionis;

65 2118 137 2155 hoc
163 2117 317 2154 omnino
350 2129 518 2154 amorem
544 2122 713 2154 nostrum
739 2117 848 2154 facile

67 2165 238 2202 vendicat
260 2169 378 2201 totum
396 2166 479 2202 sibi.
504 2167 591 2205 Hoc.
609 2165 847 2212 inquam‚est

66 2213 166 2260 quod
184 2217 352 2249 nostram
381 2213 623 2250 devotionem
661 2217 696 2249 et
735 2213 845 2250 blan-

64 2261 148 2298 dius
169 2261 299 2305 allicit,
321 2265 356 2297 et
374 2261 512 2308 justius
533 2260 661 2307 exigit,
680 2265 717 2297 et
736 2260 846 2297 arcti-

65 2320 108 2346 us
129 2308 294 2355 stringit,
338 2312 373 2345 et
409 2308 526 2345 afficit
566 2309 844 2346 vehementius.

65 2358 221 2394 Multum
240 2356 377 2403 quippe
398 2356 587 2393 laboravit
601 2359 633 2392 in
655 2368 698 2393 eo
718 2356 845 2393 Salva-

64 2407 137 2446 tor,
159 2415 228 2440 nec
256 2404 292 2440 in
313 2406 415 2440 omni
441 2404 571 2441 mundi
596 2403 741 2441 fabrica
763 2409 846 2440 tan-

63 2457 143 2489 tum
184 2451 418 2498 fatigationis
455 2457 588 2488 auctor
624 2451 842 2498 assumpsit.

63 2499 142 2536 Illic
178 2499 340 2546 denique
375 2515 382 2536 ι
417 2502 522 2536 Discit
555 2503 587 2535 et
615 2502 720 2544 facta
746 2503 845 2540 sunt,

63 2548 255 2584 mandauit
287 2552 320 2583 et
353 2551 475 2583 creata
501 2552 603 2592 surm
631 2547 691 2584 hie
718 2558 806 2583 vero
837 2552 848 2582 ί

63 2599 99 2632 et
120 2594 158 2631 in
180 2595 290 2631 dictis
303 2595 380 2631 suis
392 2594 846 2631 sustinuitcontradicto-

62 2653 138 2687 νος,
162 2642 258 2680 etin
292 2643 401 2679 sactis
433 2643 715 2687 observatores,
742 2648 779 2678 et
808 2642 847 2678 in

63 2691 263 2728 tormentis
278 2690 467 2733 illiisoreS‚
480 2694 517 2727 et
532 2690 568 2726 iii
583 2694 704 2727 morte
718 2701 848 2738 expro-

63 2739 251 2776 bratores.
277 2754 292 2770 n
323 2740 367 2774 Et
400 2740 537 2775 iterum
562 2749 570 2774 z
605 2753 623 2771 «
660 2740 848 2775 Memento

60 2786 139 2834 jam
159 2787 290 2832 homo,
317 2786 389 2824 etsi
412 2786 458 2824 de
493 2785 613 2824 nihilo
636 2789 672 2824 te
692 2786 849 2832 sactum,

926 1269 1000 1295 non
1022 1262 1149 1294 tamen
1172 1257 1218 1294 de
1246 1257 1363 1294 nihilo
1391 1261 1428 1294 te
1456 1258 1710 1304 redemptum.

925 1307 995 1343 Sex
1016 1306 1147 1343 (liebus
1169 1305 1339 1342 condiitit
1359 1305 1501 1349 omnia,
1528 1312 1565 1342 et
1592 1309 1629 1341 te
1654 1307 1710 1341 in-

924 1358 982 1390 ter
1003 1354 1142 1390 omnia.
1167 1356 1211 1389 At
1234 1364 1322 1390 vero
1345 1364 1409 1398 per
1430 1357 1530 1389 totos
1551 1352 1710 1399 triginta

923 1412 1043 1438 annus
1067 1405 1246 1448 operatus
1273 1404 1330 1437 est
1355 1401 1513 1437 satuiem
1546 1404 1650 1437 tuam
1673 1399 1709 1436 in

924 1449 1047 1485 medio
1083 1453 1209 1485 terrae.
1246 1448 1274 1485 O
1309 1452 1491 1494 quantum
1522 1449 1708 1485 laboravit

925 1497 1133 1533 sustinens!
1161 1510 1177 1529 »
1201 1497 1282 1532 haee
1302 1497 1527 1532 Bernartius.
1547 1496 1650 1532 Unde
1672 1499 1708 1532 et

922 1545 1140 1580 Ambrosius
1166 1555 1175 1579 t
1199 1558 1215 1576 «
1241 1543 1328 1579 Plus
1354 1545 1483 1590 itaque
1502 1543 1593 1580 milii
1615 1553 1705 1580 con-

924 1592 1007 1628 tulit
1032 1594 1126 1628 Deus
1154 1590 1393 1635 redimendo,
1425 1602 1539 1637 quam
1571 1602 1704 1627 erean-

923 1640 984 1675 di».
1017 1640 1188 1675 Croando
1210 1638 1348 1685 quippe
1381 1649 1440 1675 me
1468 1638 1561 1675 mibi
1582 1638 1702 1683 detit,

923 1687 1149 1723 redimendo
1167 1691 1308 1725 autem,
1332 1691 1368 1722 et
1397 1689 1563 1733 seipsum
1590 1685 1708 1730 dedit,

924 1740 961 1771 et
979 1745 1038 1770 me
1061 1733 1152 1769 milii
1175 1733 1351 1770 reddidit.
1372 1736 1515 1780 ltaque,
1531 1733 1560 1769 >i
1579 1745 1638 1770 me
1656 1739 1707 1769 to-

924 1782 1066 1819 tumilli
1091 1783 1210 1818 debeo
1229 1792 1297 1828 pro
1318 1791 1376 1817 me
1391 1782 1500 1825 facto,
1518 1781 1607 1828 quid
1623 1782 1702 1827 Jain

923 1830 1060 1866 aildam
1100 1840 1164 1873 pro
1194 1840 1252 1865 me
1283 1829 1453 1865 resecto?
1487 1830 1569 1865 Non
1605 1829 1704 1865 enini

924 1883 1000 1914 tam
1022 1876 1132 1913 facile
1148 1887 1231 1914 sum
1245 1879 1423 1917 relectus,
1443 1887 1553 1923 quain
1570 1877 1705 1913 factus.

924 1924 1116 1970 Siquidem
1143 1925 1189 1961 de
1217 1923 1319 1960 omni
1337 1925 1437 1971 quoil
1455 1924 1596 1961 factum
1616 1928 1673 1960 est
1693 1935 1700 1960 :

922 1972 1013 2009 dixit
1036 1975 1073 2007 et
1090 1972 1190 2008 sacta
1209 1976 1320 2015 sunt;
1355 1974 1392 2008 in
1416 1982 1474 2008 me
1496 1976 1624 2008 autem
1647 1983 1707 2008 re-

922 2020 1100 2063 ficiendo,
1124 2024 1161 2056 et
1183 2019 1276 2056 dixit
1298 2020 1430 2063 multa,
1450 2024 1487 2056 et
1504 2022 1621 2065 gessit
1643 2018 1711 2055 mi-

922 2079 977 2112 ra,
1000 2072 1037 2104 et
1057 2067 1210 2111 pertulit
1226 2068 1336 2111 dura,
1354 2078 1421 2103 nec
1440 2072 1584 2104 tantum
1596 2067 1708 2112 dura,

922 2116 988 2153 sed
1004 2115 1117 2152 etiam
1133 2115 1315 2161 indigna:
1338 2130 1350 2147 ii
1377 2115 1457 2151 haee
1476 2116 1708 2151 Ambrosius.

971 2178 988 2200 2
1018 2164 1156 2200 PAssus
1193 2175 1255 2199 EST
1277 2164 1442 2199 Douixus
1464 2174 1550 2199 omn
1574 2174 1709 2207 AETATE,

921 2223 1064 2247 mummio
1085 2223 1125 2246 ET
1145 2222 1321 2247 TEMPORE.
1341 2231 1384 2235 —
1406 2211 1484 2246 Non
1509 2214 1564 2246 e>t
1583 2214 1708 2247 autem

922 2259 1188 2296 {estimandum
1209 2258 1310 2304 quod
1328 2257 1519 2293 Passionis
1535 2269 1611 2294 suae
1632 2269 1709 2304 pte-

921 2318 984 2351 na,
1012 2308 1048 2342 in
1072 2307 1154 2353 ejus
1181 2307 1302 2342 soliim
1325 2305 1499 2352 captione
1534 2309 1571 2342 et
1591 2305 1708 2342 traili-

921 2355 1022 2390 tione
1056 2352 1169 2389 suerit
1203 2353 1398 2396 inchoata;
1432 2353 1498 2389 sed
1517 2353 1643 2400 potius
1662 2353 1708 2389 ab

922 2402 1077 2438 instanti
1112 2412 1188 2437 suae
1223 2400 1484 2447 conceptionis
1515 2411 1634 2445 usque
1663 2401 1707 2437 ad

922 2454 1082 2486 mortem
1104 2449 1184 2494 ejus
1206 2448 1366 2484 duravit.
1391 2452 1484 2484 (juin
1499 2448 1711 2484 enimm01=

921 2503 995 2533 tem
1032 2507 1140 2533 suam
1173 2495 1472 2538 acerbissimam,
1498 2507 1612 2542 quam
1642 2507 1710 2542 pro

922 2546 1043 2581 salute
1081 2547 1211 2580 nostra
1234 2542 1312 2590 pati
1336 2546 1456 2580 voluit
1493 2543 1709 2580 lii‘missime

921 2592 1130 2640 prce-sciret.
1155 2597 1193 2627 et
1212 2602 1294 2627 eain
1316 2593 1480 2627 suturam
1503 2590 1710 2628 infallibili-

922 2645 981 2677 tei·
1020 2643 1282 2683 cognosceret,
1321 2640 1489 2685 oportuit
1533 2639 1634 2685 quod
1678 2640 1711 2673 in

923 2689 1090 2735 qualibet
1123 2687 1218 2724 hora
1241 2697 1308 2732 pro
1329 2698 1375 2724 ea
1401 2687 1625 2723 naturaiiter
1646 2686 1712 2721 do—

924 2738 1032 2780 leret,
1046 2735 1256 2781 praesertim
1271 2746 1355 2771 cum
1368 2735 1553 2781 cogitaret
1569 2738 1713 2771 tantam

923 2783 1068 2822 doloris
1103 2782 1410 2830 generalitatem,
1436 2793 1522 2829 quae
1558 2793 1626 2828 per
1665 2783 1715 2817 to-
