1872 3147
148 193 188 225 30
618 187 826 221 SECUNDAE
864 187 1020 222 PARTIS
1058 186 1196 221 CAPUT
1234 185 1312 219 LIX

150 259 272 296 socios
306 259 361 294 sui
398 258 524 306 gaudii
569 267 652 292 esse
689 255 841 302 cupivit.
884 276 923 282 —

153 308 334 350 Quintum
355 311 425 349 est,
442 305 540 351 quod
555 315 622 340 nos
635 303 802 339 volentes
819 302 927 348 sequi
963 333 965 344 ἶ

155 355 366 396 Christum,
396 354 577 388 dehemus
606 350 856 396 nosmetipsos
882 351 926 385 li-
963 350 965 362 ²

153 411 243 447 gare
262 400 407 435 vim-ulo
429 397 670 445 professionis
686 397 926 441 obedientiae,

154 450 306 493 proptor
327 457 411 482 eum
439 445 500 491 qui
531 456 597 492 pro
622 444 731 481 nobis
751 444 866 480 voluit
883 444 927 479 li-

153 495 248 540 gari,
268 493 320 529 ita
347 496 384 528 ut
405 492 564 539 amplius
595 503 662 538 pro
686 496 814 528 nostro
836 491 928 527 velle

154 552 222 577 nos
239 551 388 576 movere
407 551 480 576 non
497 539 702 584 possimus3
720 543 756 575 et
773 540 824 574 sic
845 549 927 573 cum

155 589 258 624 Isaac
280 587 459 633 colligati,
487 591 524 623 et
542 589 578 623 in
604 586 710 622 altari
732 585 927 621 mactatio-

154 635 213 671 nis
233 634 395 682 propriae
411 634 613 670 voluntatis
626 631 928 680 positi,quotidie

151 681 190 718 in
218 682 479 718 holocaustum
505 681 629 716 vivum
656 682 731 716 Deo
759 679 928 714 immole-

156 740 253 766 mur.
284 750 323 756 -
351 729 407 765 Ad
435 728 747 765 conformandum
781 737 820 762 se
844 726 929 762 huic

152 777 324 819 articulo,
348 777 531 822 recogitet
551 776 662 811 homo
680 773 840 819 qualiter
861 775 930 809 Do-

156 823 280 860 minus
312 823 448 869 ligatus
481 822 562 866 fuit,
599 825 752 868 propter
783 820 931 855 vincula

153 875 391 918 peccatorum
422 874 637 905 nostrorum
671 868 866 911 solvenda,
894 871 931 902 et

155 924 191 955 ul
215 918 360 954 vinculo
376 916 542 953 caritatis
564 926 632 951 nos
649 915 719 951 sibi
735 914 929 960 alligaret;

153 969 189 1003 et
222 965 360 1011 poterit
390 964 427 1000 in
452 973 738 1009 recompensam
766 962 931 1008 aliquam

156 1012 322 1058 seipsum
337 1014 413 1048 Deo
439 1011 555 1057 ligare
576 1009 701 1056 aliquo
720 1010 820 1045 bono
850 1020 931 1054 pro-

156 1060 293 1107 posito,
312 1059 368 1094 vel
395 1058 508 1094 etiam
529 1062 627 1093 voto.
647 1058 725 1100 Quo
748 1056 777 1092 si
797 1057 874 1103 jam
892 1055 932 1091 li·

160 1111 271 1153 gatus
287 1106 334 1142 sit
355 1108 389 1141 in
406 1105 601 1151 religione,
629 1106 684 1139 vel
707 1103 812 1145 alias,
835 1102 932 1139 desi-

157 1155 264 1191 deret
282 1165 304 1190 a
321 1155 396 1189 Deo
408 1153 575 1199 adjuvari
593 1152 641 1188 ad
661 1152 933 1198 perficiendum

156 1200 416 1248 hujuscemodi
438 1199 704 1245 obligationem
724 1199 771 1235 ad
786 1199 933 1235 laudem

158 1259 277 1286 suam.
300 1249 327 1285 O
347 1250 443 1285 Jesu.
465 1251 529 1294 qui
545 1249 753 1292 iniquorum
767 1247 935 1282 manibus

161 1298 274 1341 ligari
293 1297 456 1336 voluisti,
478 1296 635 1337 absolve,
652 1304 783 1339 quaeso,
801 1298 936 1329 nostro-

159 1355 239 1380 rum
254 1344 402 1379 vincula
420 1346 671 1387 peccatorum
689 1345 798 1386 atque
808 1343 863 1377 ita
882 1352 937 1376 ca-

160 1393 286 1427 ritatis
318 1391 463 1425 vinculo
497 1393 825 1436 praeeeptommque
850 1392 938 1423 tuo-

160 1438 395 1481 rumfunz'bus
406 1447 461 1472 me
477 1439 693 1480 constrinqe.
709 1447 752 1471 ne
766 1447 938 1481 umquam

161 1486 322 1521 membra
335 1486 495 1530 corporis
513 1486 595 1525 mei,
618 1488 682 1518 aut
702 1485 796 1518 vires
810 1485 939 1518 onimae

161 1544 246 1569 meae
263 1534 435 1568 lassentur
452 1532 501 1566 od
521 1533 658 1577 quaevis
670 1530 855 1567 contraria
871 1535 940 1566 tuae

161 1581 357 1616 voluntati.

214 1631 255 1663 25
280 1629 545 1663 Discwunonuu
565 1637 671 1670 FUGA,
694 1637 774 1661 rme
793 1637 830 1661 IN
851 1636 940 1660 sOLA

169 1676 291 1711 MAmA
306 1686 531 1710 REMANENTE.
553 1695 589 1700 —
615 1676 726 1717 Tunc,
747 1676 854 1719 capto
873 1672 941 1707 sci-

165 1723 252 1758 licet
278 1725 315 1758 et
334 1722 448 1768 ligato
472 1721 646 1764 Domino,
669 1721 845 1766 discipule·
864 1731 938 1755 om-

164 1780 225 1806 nes
252 1769 459 1815 perterriti,
477 1770 604 1804 relicto
622 1779 673 1813 eo,
695 1770 885 1812 foyer-unt,
905 1772 941 1803 et

168 1817 384 1862 Magistrum
405 1827 513 1852 suum
550 1815 647 1851 sicut
674 1816 857 1851 latronem
893 1814 941 1850 ad

167 1864 358 1900 victimam
397 1862 544 1907 deduci,
567 1862 813 1907 dimiserunt;
847 1861 942 1898 sicut

165 1911 392 1959 praedixerat
410 1921 474 1946 eos
499 1910 716 1946 scandalum
740 1910 778 1945 in
800 1921 840 1945 se
860 1920 942 1955 pas-

166 1969 289 1995 suros.
310 1959 586 2004 Comprehenso
610 1962 773 2002 pastore,
801 1957 942 2003 disper-

167 2014 307 2052 guntur
325 2016 432 2049 oves3
456 2009 562 2051 capto
578 2007 769 2051 Magistro,
790 2005 941 2051 fugiunt

168 2053 352 2100 discipuli.
372 2053 473 2088 Unde
493 2053 617 2088 Beda:
647 2067 665 2085 «
689 2052 863 2097 Impletus
885 2055 941 2087 est

170 2111 294 2137 sermo
313 2099 476 2144 Domini,
493 2110 565 2145 quo
581 2099 738 2139 dixerat,
755 2099 853 2144 quod
866 2109 942 2135 om-

169 2159 236 2184 nes
258 2147 427 2194 discipuli
450 2146 797 2183 scandalizarentur
820 2146 856 2182 in
879 2147 942 2182 illo

170 2195 209 2231 in
227 2194 306 2241 ipsa
323 2201 444 2230 nocte.
462 2208 481 2227 »
500 2196 603 2230 Unde
623 2199 660 2230 et
676 2195 915 2240 Hieronymus
931 2206 941 2228 :

173 2255 189 2276 (ι
209 2244 310 2278 Tunc
332 2242 577 2287 adimpletum
604 2245 658 2277 est
680 2253 688 2277 :
710 2243 902 2286 Elonyasti
922 2252 944 2276 a

167 2300 223 2325 me
245 2291 402 2325 amicum
426 2296 457 2324 et
486 2291 695 2335 promimwn
720 2302 730 2332 ‚·
773 2294 806 2324 et
842 2292 944 2324 notos

169 2347 264 2372 meos
276 2348 298 2371 α
314 2338 475 2372 miseria.
494 2349 511 2369 »
528 2337 572 2372 Ut
586 2340 711 2372 autem
729 2335 818 2372 dicit
839 2337 946 2371 Theo-

166 2385 308 2430 philus,
326 2383 509 2436 permittit
527 2394 588 2419 eos
602 2383 783 2419 Dominus
796 2383 943 2428 cadere,

172 2434 212 2467 ut
231 2441 305 2466 non
324 2441 361 2465 ln
376 2430 517 2476 seipsos
537 2431 742 2466 confidant.
761 2431 866 2467 Unde
880 2432 945 2466 Re-

172 2479 332 2521 miqius:
355 2491 373 2509 «
395 2479 433 2512 In
456 2478 526 2512 hoc
547 2478 643 2513 facto
665 2478 946 2513 demonstratur

172 2524 355 2570 fragilitas
375 2524 650 2569 Apostolorum.
690 2525 757 2567 Qui
780 2524 878 2560 enim
900 2525 946 2560 de

174 2572 309 2608 ardore
323 2570 407 2606 fidei
429 2571 681 2616 promiserant
697 2582 735 2606 se
748 2571 841 2607 mori
861 2582 945 2607 cum

175 2630 234 2663 eo,
257 2618 390 2654 timore
423 2618 582 2663 fugiunt,
603 2618 845 2654 immemores
870 2629 945 2654 suae

176 2664 452 2713 promissionis.
481 2679 496 2698 »
521 2666 625 2708 Quod
645 2667 754 2700 etiam
778 2665 947 2701 videmus

179 2713 328 2760 impleri
352 2712 389 2748 in
411 2712 484 2757 his,
517 2714 576 2757 qui
615 2723 682 2758 pro
717 2723 845 2748 amore
880 2713 944 2748 Dei

173 2771 310 2807 magna
352 2770 391 2795 se
428 2762 654 2807 promittunt
686 2760 868 2799 facturos,
910 2763 946 2795 et

173 2808 413 2856 postmodum
427 2818 501 2843 non
522 2805 697 2853 implent3
720 2816 796 2842 non
820 2809 944 2843 tamen

1003 256 1205 302 desperare
1226 255 1376 298 delient,
1401 256 1467 291 sed
1487 266 1572 291 cum
1590 254 1779 300 Apostolis

1003 313 1216 348 resurgere,
1245 305 1282 337 et
1309 312 1377 347 per
1402 302 1664 348 poenitentiam
1686 302 1777 338 resi-

1003 349 1161 396 piscere.
1185 348 1253 385 Ul1i
1275 350 1447 385 Rabanus
1465 362 1475 385 :
1499 364 1516 383 «
1539 350 1689 396 Mystico
1711 359 1776 385 au-

1001 400 1094 440 tem,
1117 396 1213 432 sicut
1234 398 1380 439 Petrus,
1409 395 1471 441 qui
1498 397 1645 441 culpam
1664 406 1777 442 nega-

1002 444 1116 480 tionis
1138 442 1370 489 poenitentiae
1386 443 1561 491 lacrymis
1575 443 1706 487 abluit,
1718 454 1777 480 re-

1003 492 1285 536 cuperationem
1307 501 1438 526 eorum
1465 490 1630 526 ostendit
1656 490 1718 536 qui
1740 491 1778 527 in

1003 539 1182 584 martyrio
1204 537 1409 581 laliuntur3
1435 536 1488 573 ita
1513 537 1627 574 ceteri
1667 538 1777 573 disci-

964 620 966 628 ,
1005 585 1095 631 puli,
1117 583 1177 630 qui
1203 583 1405 620 articulum
1425 583 1779 631 comprehensionis

963 666 964 669 ,
1003 632 1180 677 fugiendo
1211 635 1487 678 praevenerunt,
1516 631 1702 668 cautelam
1721 631 1778 668 fu-

963 716 965 723 ,
1003 679 1129 725 giendi
1155 679 1291 715 docent
1311 689 1375 714 eos
1401 679 1465 725 qui
1488 690 1527 715 se
1555 678 1678 715 minus
1697 678 1778 715 ido-

1004 737 1096 762 neos
1117 726 1163 762 ad
1182 727 1376 762 toleranda
1397 725 1578 773 supplicia
1598 726 1777 772 sentiunt,

1007 773 1139 819 quibus
1152 773 1267 809 tutius
1284 773 1531 820 latere,quam
1543 785 1581 810 se
1591 773 1778 809 discrimi-

1005 820 1042 856 ni
1065 822 1313 856 certaminum
1328 831 1529 867 exponere.
1546 835 1562 854 »
1580 821 1651 857 Sed
1664 830 1781 866 quare

1004 867 1122 904 Judaei
1148 878 1220 903 non
1241 869 1607 914 comprehenderunt
1627 869 1781 914 Aposto-

1005 915 1075 960 los,
1098 918 1134 950 et
1154 915 1311 950 maxime
1329 918 1493 957 Petrum,
1513 916 1575 961 qui
1590 925 1783 961 percusse-

1006 966 1063 998 rat
1085 973 1166 997 cum
1189 961 1338 1007 gladio?
1361 962 1563 998 Dicendum
1588 965 1657 1005 est,
1683 961 1783 1007 quod

1007 1009 1099 1045 nihil
1122 1019 1185 1045 eos
1210 1008 1383 1049 detinuit,
1407 1009 1478 1045 nisi
1500 1011 1618 1045 virtus
1640 1008 1782 1053 divina,

1007 1067 1090 1102 quae
1123 1056 1235 1092 etiam
1262 1057 1462 1101 prostravit
1483 1067 1548 1093 eos
1567 1055 1779 1102 resupinos.

1006 1106 1109 1140 Tunc
1130 1114 1262 1140 omnes
1282 1103 1452 1147 discipuli
1467 1106 1727 1150 peccaverunt,
1747 1107 1785 1139 et

1007 1151 1045 1187 in
1066 1151 1140 1187 fille
1157 1162 1224 1197 per
1242 1151 1332 1186 illud
1353 1151 1519 1187 triduum
1539 1150 1711 1187 exstincti
1732 1150 1784 1187 fu-

1009 1204 1131 1242 erunt,
1165 1202 1303 1245 praeter
1335 1199 1483 1234 beatam
1508 1198 1699 1244 Virginem
1744 1198 1782 1233 in

1009 1257 1081 1292 qua
1104 1246 1183 1282 sola
1221 1246 1315 1281 fides
1352 1246 1525 1282 Ecclesiae
1563 1245 1785 1281 inconcussa

1010 1293 1217 1340 permansit
1238 1304 1245 1337 ;
1270 1294 1315 1329 oh
1347 1294 1455 1339 cujus
1478 1291 1785 1340 repraesentatio-

1012 1352 1098 1377 nem
1122 1341 1159 1376 in
1182 1340 1375 1376 matutinis
1396 1340 1496 1377 illius
1518 1340 1631 1377 tridui
1654 1350 1784 1376 omnes

1013 1388 1179 1424 candelae
1202 1387 1501 1433 exstinguuntur.
1535 1390 1687 1434 excepta
1712 1397 1786 1423 una

1011 1436 1102 1479 sola,
1126 1446 1207 1481 quae
1230 1440 1397 1471 remanet
1416 1445 1586 1471 accensa.
1610 1437 1649 1471 ln
1671 1434 1784 1480 hujus

1013 1482 1163 1528 signum
1203 1482 1317 1518 etiam
1360 1483 1597 1519 denudantur
1635 1482 1783 1526 altaria,

1012 1530 1100 1576 quia
1121 1530 1290 1566 Christus
1321 1541 1386 1575 per
1416 1530 1534 1566 altare
1566 1529 1785 1575 designatus

1011 1577 1162 1613 relictus
1184 1577 1252 1612 suit
1271 1578 1318 1613 ab
1337 1577 1524 1623 Apostolis
1544 1576 1700 1623 signatis
1719 1586 1787 1622 per

1012 1629 1246 1660 ornamenta.
1276 1627 1316 1660 ln
1338 1624 1402 1660 illo
1423 1624 1536 1661 etiam
1553 1624 1677 1660 triduo
1701 1623 1787 1660 offi-

1013 1671 1111 1707 cinm
1133 1676 1358 1708 nocturnum
1393 1673 1467 1708 alte
1500 1675 1687 1715 cantatur,
1719 1680 1787 1717 per

1015 1719 1115 1764 quod
1127 1720 1334 1766 prophetiae
1347 1719 1392 1755 de
1407 1718 1556 1755 Christo
1569 1719 1784 1765 signantur3

1014 1767 1158 1802 diurnae
1195 1777 1282 1802 vero
1318 1768 1420 1802 horae
1452 1768 1520 1803 sub
1553 1765 1702 1802 silentio
1729 1765 1785 1801 di-

1015 1819 1164 1857 cuntur,
1184 1814 1272 1860 quia
1291 1814 1458 1860 Apostoli
1475 1818 1562 1850 tunc
1582 1812 1786 1859 praedicare

1016 1872 1090 1897 non
1113 1862 1301 1898 audebant
1333 1861 1431 1897 unde
1447 1865 1483 1898 et
1504 1871 1695 1908 campanae
1712 1871 1786 1896 non

1015 1911 1225 1954 pulsantur,
1248 1910 1336 1955 quia
1357 1913 1446 1945 tunc
1468 1919 1584 1945 sonus
1603 1907 1786 1955 praedica-

1017 1956 1130 1992 tionis
1151 1956 1324 1992 cessavit.
1346 1958 1373 1991 A
1405 1959 1512 2002 parte
1536 1956 1671 1992 montis
1698 1955 1786 1992 Sion

1016 2005 1051 2039 in
1074 2004 1208 2040 vallem
1222 2006 1240 2040 J
1247 2005 1402 2050 osaphat
1414 2003 1686 2047 descendendo,
1701 2006 1788 2039 sunt

1013 2062 1182 2087 cavernae
1208 2052 1488 2098 Apostolorum,
1515 2051 1575 2086 ubi
1596 2050 1788 2086 latuerunt

1013 2103 1182 2144 tempore
1205 2098 1403 2140 Passionis,
1427 2097 1573 2135 Christo
1594 2097 1738 2134 relicto.

1064 2150 1110 2182 26
1132 2147 1293 2188 QuisNAM
1310 2157 1388 2181 nme
1402 2157 1640 2189 Anomzscnns,
1655 2156 1715 2185 QUI
1728 2156 1788 2181 so-

1016 2204 1080 2229 Lns
1103 2194 1215 2229 Jnsuu
1231 2205 1381 2229 securus
1398 2205 1474 2237 esr,
1487 2205 1529 2228 ET
1547 2204 1713 2234 Quosmffl
1730 2204 1790 2228 ns-

1016 2240 1172 2276 SIGNAT‘?
1192 2261 1237 2267 ——
1256 2241 1475 2276 Adolescens
1495 2244 1615 2276 autem
1638 2240 1789 2286 quidam

1015 2289 1232 2333 sequebatur
1265 2298 1357 2331 eum,
1375 2287 1515 2323 scilicet
1534 2289 1675 2331 lesuin,
1696 2289 1788 2322 ami-

1016 2341 1096 2371 clus
1115 2336 1280 2379 sindone,
1302 2334 1339 2370 id
1358 2338 1413 2370 est
1430 2334 1543 2370 lintea
1564 2339 1680 2379 veste,
1706 2345 1789 2380 quae

1016 2381 1273 2418 innocentiam
1310 2381 1510 2427 significat,
1543 2393 1653 2428 super·
1676 2382 1788 2426 nudo,

1019 2428 1161 2466 scilicet
1188 2439 1372 2475 corpore3
1408 2428 1495 2475 quia
1526 2440 1602 2465 non
1627 2429 1791 2465 habebat

1017 2477 1121 2513 aliud
1143 2476 1405 2512 indumentum
1438 2487 1550 2522 supra
1569 2475 1733 2512 tunicam
1753 2479 1790 2512 et

1016 2525 1062 2560 ab
1085 2528 1202 2566 extra,
1225 2533 1335 2568 quam
1359 2525 1477 2559 solam
1495 2523 1704 2558 sindonem.
1723 2522 1789 2558 Hic

1016 2574 1139 2607 autem
1161 2570 1296 2605 dicitur
1318 2570 1432 2606 fuisse
1469 2572 1656 2614 Joannes;
1689 2569 1788 2606 unde

1016 2618 1133 2654 Beda:
1150 2633 1163 2648 «
1186 2619 1364 2653 Juvenum
1384 2617 1494 2654 istum
1509 2618 1599 2653 nihil
1612 2620 1710 2652 velat
1729 2616 1787 2652 in-

1018 2664 1134 2710 telligi
1164 2664 1276 2700 luisse
1307 2666 1503 2709 Joanuem,
1543 2664 1648 2710 cujus
1677 2664 1789 2710 longa

1023 2716 1106 2757 post
1127 2712 1204 2748 liaec
1224 2711 1262 2747 in
1286 2722 1396 2748 carne
1418 2712 1492 2748 vita
1519 2711 1657 2747 indicio
1678 2714 1746 2748 est.
1769 2723 1787 2743 »

1022 2762 1069 2795 Et
1096 2762 1287 2794 tenuerunt
1323 2770 1414 2800 eum,
1436 2757 1577 2795 scilicet
1595 2757 1714 2806 impii,
1753 2761 1791 2794 at

1020 2808 1097 2850 ille,
1118 2806 1253 2851 rejecta
1281 2807 1432 2843 sindone
1457 2817 1522 2843 seu
1552 2805 1788 2850 vestimento,
