<?xml version="1.0" encoding="UTF-8"?>
<!DOCTYPE html PUBLIC "-//W3C//DTD XHTML 1.0 Transitional//EN"
    "http://www.w3.org/TR/xhtml1/DTD/xhtml1-transitional.dtd">
<html xmlns="http://www.w3.org/1999/xhtml" xml:lang="en" lang="en">
 <head>
  <title>
</title>
<meta http-equiv="Content-Type" content="text/html;charset=utf-8" />
  <meta name='ocr-system' content='tesseract 3.04.00' />
  <meta name='ocr-capabilities' content='ocr_page ocr_carea ocr_par ocr_line ocrx_word'/>
</head>
<body>
  <div class='ocr_page' id='page_1' title='image "./vitajesuchristie04ludouoft_0262.png"; bbox 0 0 1924 3157; ppageno 0'>
   <div class='ocr_carea' id='block_1_1' title="bbox 189 183 828 218">
    <p class='ocr_par' dir='ltr' id='par_1_1' title="bbox 189 183 828 218">
     <span class='ocr_line' id='line_1_1' title="bbox 189 183 828 218; baseline 0.003 -2"><span class='ocrx_word' id='word_1_1' title='bbox 189 183 249 217; x_wconf 75' lang='lat'>254</span> <span class='ocrx_word' id='word_1_2' title='bbox 626 185 828 218; x_wconf 59' lang='lat' dir='ltr'>sectiNnAE</span> 
     </span>
    </p>
   </div>
   <div class='ocr_carea' id='block_1_2' title="bbox 164 259 964 2860">
    <p class='ocr_par' dir='ltr' id='par_1_2' title="bbox 180 259 964 1863">
     <span class='ocr_line' id='line_1_2' title="bbox 190 259 962 300; baseline 0.004 -8"><span class='ocrx_word' id='word_1_3' title='bbox 190 259 228 294; x_wconf 83' lang='lat' dir='ltr'>in</span> <span class='ocrx_word' id='word_1_4' title='bbox 244 261 384 300; x_wconf 71' lang='lat' dir='ltr'>ooelum,</span> <span class='ocrx_word' id='word_1_5' title='bbox 402 261 454 294; x_wconf 77' lang='lat' dir='ltr'>sic</span> <span class='ocrx_word' id='word_1_6' title='bbox 477 261 605 299; x_wconf 75' lang='lat' dir='ltr'>veniet,</span> <span class='ocrx_word' id='word_1_7' title='bbox 628 259 691 295; x_wconf 89' lang='lat' dir='ltr'>sed</span> <span class='ocrx_word' id='word_1_8' title='bbox 715 261 749 295; x_wconf 91' lang='lat' dir='ltr'>in</span> <span class='ocrx_word' id='word_1_9' title='bbox 772 260 845 295; x_wconf 85' lang='lat' dir='ltr'>fine</span> <span class='ocrx_word' id='word_1_10' title='bbox 866 265 962 295; x_wconf 86' lang='lat' dir='ltr'>tem-</span> 
     </span>
     <span class='ocr_line' id='line_1_3' title="bbox 190 306 962 351; baseline 0 -10"><span class='ocrx_word' id='word_1_11' title='bbox 190 316 337 351; x_wconf 91' lang='lat' dir='ltr'>porum,</span> <span class='ocrx_word' id='word_1_12' title='bbox 362 306 666 351; x_wconf 75' lang='lat' dir='ltr'>quemadmodum</span> <span class='ocrx_word' id='word_1_13' title='bbox 703 307 849 342; x_wconf 78' lang='lat' dir='ltr'>vidistis</span> <span class='ocrx_word' id='word_1_14' title='bbox 884 317 962 341; x_wconf 76' lang='lat' dir='ltr'>cum</span> 
     </span>
     <span class='ocr_line' id='line_1_4' title="bbox 190 353 964 398; baseline 0.003 -11"><span class='ocrx_word' id='word_1_15' title='bbox 190 357 293 387; x_wconf 72' lang='lat' dir='ltr'>cante</span> <span class='ocrx_word' id='word_1_16' title='bbox 308 365 328 387; x_wconf 79' lang='lat' dir='ltr'>n</span> <span class='ocrx_word' id='word_1_17' title='bbox 350 356 387 389; x_wconf 81' lang='lat' dir='ltr'>in</span> <span class='ocrx_word' id='word_1_18' title='bbox 411 355 534 389; x_wconf 70' lang='lat' dir='ltr'>coelwn</span> <span class='ocrx_word' id='word_1_19' title='bbox 556 367 565 393; x_wconf 69' lang='grc' dir='ltr'><strong><em>ς</em></strong></span> <span class='ocrx_word' id='word_1_20' title='bbox 588 353 626 389; x_wconf 87' lang='lat' dir='ltr'>id</span> <span class='ocrx_word' id='word_1_21' title='bbox 649 356 716 393; x_wconf 56' lang='lat' dir='ltr'>ea,</span> <span class='ocrx_word' id='word_1_22' title='bbox 742 356 838 390; x_wconf 88' lang='lat' dir='ltr'>sicut</span> <span class='ocrx_word' id='word_1_23' title='bbox 860 354 964 398; x_wconf 75' lang='lat' dir='ltr'>baiu-</span> 
     </span>
     <span class='ocr_line' id='line_1_5' title="bbox 191 400 960 437; baseline 0.004 -4"><span class='ocrx_word' id='word_1_24' title='bbox 191 400 233 434; x_wconf 70' lang='lat' dir='ltr'>lis</span> <span class='ocrx_word' id='word_1_25' title='bbox 253 400 412 437; x_wconf 87' lang='lat' dir='ltr'>nubibus</span> <span class='ocrx_word' id='word_1_26' title='bbox 435 401 578 436; x_wconf 83' lang='lat' dir='ltr'>vidistis</span> <span class='ocrx_word' id='word_1_27' title='bbox 597 412 679 436; x_wconf 84' lang='lat' dir='ltr'>euin</span> <span class='ocrx_word' id='word_1_28' title='bbox 704 401 741 437; x_wconf 89' lang='lat' dir='ltr'>in</span> <span class='ocrx_word' id='word_1_29' title='bbox 765 402 897 437; x_wconf 67' lang='lat' dir='ltr'>melum</span> <span class='ocrx_word' id='word_1_30' title='bbox 920 411 960 436; x_wconf 90' lang='lat' dir='ltr'>a-</span> 
     </span>
     <span class='ocr_line' id='line_1_6' title="bbox 190 447 961 493; baseline 0.001 -12"><span class='ocrx_word' id='word_1_31' title='bbox 190 447 444 489; x_wconf 74' lang='lat' dir='ltr'>scendentem,</span> <span class='ocrx_word' id='word_1_32' title='bbox 462 447 513 483; x_wconf 87' lang='lat' dir='ltr'>sic</span> <span class='ocrx_word' id='word_1_33' title='bbox 531 448 842 493; x_wconf 74' lang='lat' dir='ltr'>baJulisnubibus</span> <span class='ocrx_word' id='word_1_34' title='bbox 860 448 961 483; x_wconf 81' lang='lat' dir='ltr'>vide-</span> 
     </span>
     <span class='ocr_line' id='line_1_7' title="bbox 193 492 964 540; baseline 0.004 -13"><span class='ocrx_word' id='word_1_35' title='bbox 193 492 277 530; x_wconf 79' lang='lat' dir='ltr'>bitis</span> <span class='ocrx_word' id='word_1_36' title='bbox 297 506 382 531; x_wconf 90' lang='lat' dir='ltr'>eum</span> <span class='ocrx_word' id='word_1_37' title='bbox 402 495 438 531; x_wconf 91' lang='lat' dir='ltr'>in</span> <span class='ocrx_word' id='word_1_38' title='bbox 451 506 537 531; x_wconf 89' lang='lat' dir='ltr'>aere</span> <span class='ocrx_word' id='word_1_39' title='bbox 557 495 796 540; x_wconf 76' lang='lat' dir='ltr'>adjudicium</span> <span class='ocrx_word' id='word_1_40' title='bbox 810 496 964 531; x_wconf 60' lang='lat' dir='ltr'>‹lescen-</span> 
     </span>
     <span class='ocr_line' id='line_1_8' title="bbox 193 541 963 588; baseline 0.003 -13"><span class='ocrx_word' id='word_1_41' title='bbox 193 541 368 582; x_wconf 71' lang='lat' dir='ltr'>dentemz</span> <span class='ocrx_word' id='word_1_42' title='bbox 403 547 438 578; x_wconf 89' lang='lat' dir='ltr'>et</span> <span class='ocrx_word' id='word_1_43' title='bbox 471 543 787 588; x_wconf 80' lang='lat' dir='ltr'>quem-idmodum</span> <span class='ocrx_word' id='word_1_44' title='bbox 819 541 963 577; x_wconf 77' lang='lat' dir='ltr'>vidistis</span> 
     </span>
     <span class='ocr_line' id='line_1_9' title="bbox 191 590 964 632; baseline 0.001 -9"><span class='ocrx_word' id='word_1_45' title='bbox 191 598 273 624; x_wconf 83' lang='lat' dir='ltr'>enm</span> <span class='ocrx_word' id='word_1_46' title='bbox 297 593 447 626; x_wconf 85' lang='lat' dir='ltr'>euntem</span> <span class='ocrx_word' id='word_1_47' title='bbox 470 591 507 626; x_wconf 91' lang='lat' dir='ltr'>in</span> <span class='ocrx_word' id='word_1_48' title='bbox 529 590 677 632; x_wconf 69' lang='lat' dir='ltr'>coelum,</span> <span class='ocrx_word' id='word_1_49' title='bbox 700 590 737 626; x_wconf 89' lang='lat' dir='ltr'>in</span> <span class='ocrx_word' id='word_1_50' title='bbox 761 591 880 625; x_wconf 78' lang='lat' dir='ltr'>forma</span> <span class='ocrx_word' id='word_1_51' title='bbox 900 590 964 624; x_wconf 88' lang='lat' dir='ltr'>hu-</span> 
     </span>
     <span class='ocr_line' id='line_1_10' title="bbox 191 636 962 684; baseline 0.004 -15"><span class='ocrx_word' id='word_1_52' title='bbox 191 645 312 673; x_wconf 84' lang='lat' dir='ltr'>mana.</span> <span class='ocrx_word' id='word_1_53' title='bbox 341 636 397 673; x_wconf 90' lang='lat' dir='ltr'>cui</span> <span class='ocrx_word' id='word_1_54' title='bbox 418 636 596 684; x_wconf 86' lang='lat' dir='ltr'>competit</span> <span class='ocrx_word' id='word_1_55' title='bbox 616 637 732 673; x_wconf 90' lang='lat' dir='ltr'>videri</span> <span class='ocrx_word' id='word_1_56' title='bbox 755 638 962 673; x_wconf 79' lang='lat' dir='ltr'>oculiscor-</span> 
     </span>
     <span class='ocr_line' id='line_1_11' title="bbox 190 683 962 727; baseline 0.003 -10"><span class='ocrx_word' id='word_1_57' title='bbox 190 683 397 727; x_wconf 87' lang='lat' dir='ltr'>poralibus,</span> <span class='ocrx_word' id='word_1_58' title='bbox 419 687 455 721; x_wconf 86' lang='lat' dir='ltr'>et</span> <span class='ocrx_word' id='word_1_59' title='bbox 489 685 626 721; x_wconf 84' lang='lat' dir='ltr'>moveri</span> <span class='ocrx_word' id='word_1_60' title='bbox 659 684 705 720; x_wconf 90' lang='lat' dir='ltr'>de</span> <span class='ocrx_word' id='word_1_61' title='bbox 736 685 816 720; x_wconf 82' lang='lat' dir='ltr'>loco</span> <span class='ocrx_word' id='word_1_62' title='bbox 838 684 882 720; x_wconf 89' lang='lat' dir='ltr'>ad</span> <span class='ocrx_word' id='word_1_63' title='bbox 906 684 962 719; x_wconf 89' lang='lat' dir='ltr'>lo-</span> 
     </span>
     <span class='ocr_line' id='line_1_12' title="bbox 188 731 963 775; baseline 0.003 -11"><span class='ocrx_word' id='word_1_64' title='bbox 188 740 285 774; x_wconf 87' lang='lat' dir='ltr'>cum,</span> <span class='ocrx_word' id='word_1_65' title='bbox 313 732 363 766; x_wconf 85' lang='lat' dir='ltr'>sic</span> <span class='ocrx_word' id='word_1_66' title='bbox 395 732 533 775; x_wconf 87' lang='lat' dir='ltr'>veniet,</span> <span class='ocrx_word' id='word_1_67' title='bbox 555 731 593 767; x_wconf 89' lang='lat' dir='ltr'>in</span> <span class='ocrx_word' id='word_1_68' title='bbox 627 733 757 768; x_wconf 85' lang='lat' dir='ltr'>eadem</span> <span class='ocrx_word' id='word_1_69' title='bbox 785 732 905 767; x_wconf 88' lang='lat' dir='ltr'>forma</span> <span class='ocrx_word' id='word_1_70' title='bbox 927 734 963 767; x_wconf 89' lang='lat' dir='ltr'>et</span> 
     </span>
     <span class='ocr_line' id='line_1_13' title="bbox 188 778 961 824; baseline 0.003 -13"><span class='ocrx_word' id='word_1_71' title='bbox 188 779 311 813; x_wconf 88' lang='lat' dir='ltr'>carnis</span> <span class='ocrx_word' id='word_1_72' title='bbox 336 778 547 815; x_wconf 82' lang='lat' dir='ltr'>substantia</span> <span class='ocrx_word' id='word_1_73' title='bbox 568 778 816 822; x_wconf 77' lang='lat' dir='ltr'>adjudicium</span> <span class='ocrx_word' id='word_1_74' title='bbox 842 790 849 814; x_wconf 92' lang='lat'><strong>:</strong></span> <span class='ocrx_word' id='word_1_75' title='bbox 873 778 961 824; x_wconf 78' lang='lat' dir='ltr'>quia</span> 
     </span>
     <span class='ocr_line' id='line_1_14' title="bbox 189 823 958 871; baseline 0.003 -12"><span class='ocrx_word' id='word_1_76' title='bbox 189 823 283 860; x_wconf 86' lang='lat' dir='ltr'>sicut</span> <span class='ocrx_word' id='word_1_77' title='bbox 304 825 372 861; x_wconf 83' lang='lat' dir='ltr'>fuit</span> <span class='ocrx_word' id='word_1_78' title='bbox 387 825 575 871; x_wconf 75' lang='lat' dir='ltr'>judicatus</span> <span class='ocrx_word' id='word_1_79' title='bbox 592 826 760 862; x_wconf 86' lang='lat' dir='ltr'>informa</span> <span class='ocrx_word' id='word_1_80' title='bbox 780 827 958 870; x_wconf 85' lang='lat' dir='ltr'>humana,</span> 
     </span>
     <span class='ocr_line' id='line_1_15' title="bbox 187 870 958 919; baseline 0.004 -14"><span class='ocrx_word' id='word_1_81' title='bbox 187 870 239 906; x_wconf 85' lang='lat' dir='ltr'>sic</span> <span class='ocrx_word' id='word_1_82' title='bbox 262 872 387 908; x_wconf 75' lang='lat' dir='ltr'>veniet</span> <span class='ocrx_word' id='word_1_83' title='bbox 411 873 458 909; x_wconf 91' lang='lat' dir='ltr'>ad</span> <span class='ocrx_word' id='word_1_84' title='bbox 481 872 727 919; x_wconf 78' lang='lat' dir='ltr'>judicandum</span> <span class='ocrx_word' id='word_1_85' title='bbox 752 874 958 917; x_wconf 73' lang='lat' dir='ltr'>munslun1;</span> 
     </span>
     <span class='ocr_line' id='line_1_16' title="bbox 188 919 960 963; baseline 0.006 -12"><span class='ocrx_word' id='word_1_86' title='bbox 188 923 445 955; x_wconf 71' lang='lat' dir='ltr'>xerumtainen</span> <span class='ocrx_word' id='word_1_87' title='bbox 465 919 656 963; x_wconf 85' lang='lat' dir='ltr'>judicatus</span> <span class='ocrx_word' id='word_1_88' title='bbox 688 919 758 955; x_wconf 87' lang='lat' dir='ltr'>fuit</span> <span class='ocrx_word' id='word_1_89' title='bbox 781 922 818 955; x_wconf 92' lang='lat' dir='ltr'>in</span> <span class='ocrx_word' id='word_1_90' title='bbox 840 920 960 956; x_wconf 86' lang='lat' dir='ltr'>forma</span> 
     </span>
     <span class='ocr_line' id='line_1_17' title="bbox 187 966 959 1010; baseline 0.003 -10"><span class='ocrx_word' id='word_1_91' title='bbox 187 966 352 1002; x_wconf 85' lang='lat' dir='ltr'>humana</span> <span class='ocrx_word' id='word_1_92' title='bbox 377 966 557 1010; x_wconf 86' lang='lat' dir='ltr'>passibili,</span> <span class='ocrx_word' id='word_1_93' title='bbox 581 966 749 1003; x_wconf 80' lang='lat' dir='ltr'>ascendit</span> <span class='ocrx_word' id='word_1_94' title='bbox 772 972 898 1003; x_wconf 87' lang='lat' dir='ltr'>autem</span> <span class='ocrx_word' id='word_1_95' title='bbox 922 966 959 1002; x_wconf 90' lang='lat' dir='ltr'>in</span> 
     </span>
     <span class='ocr_line' id='line_1_18' title="bbox 186 1013 960 1060; baseline 0.001 -11"><span class='ocrx_word' id='word_1_96' title='bbox 186 1013 334 1057; x_wconf 64' lang='lat' dir='ltr'>coelum,</span> <span class='ocrx_word' id='word_1_97' title='bbox 356 1017 391 1049; x_wconf 90' lang='lat' dir='ltr'>et</span> <span class='ocrx_word' id='word_1_98' title='bbox 408 1015 531 1050; x_wconf 84' lang='lat' dir='ltr'>veniet</span> <span class='ocrx_word' id='word_1_99' title='bbox 550 1013 809 1060; x_wconf 82' lang='lat' dir='ltr'>adjudicium,</span> <span class='ocrx_word' id='word_1_100' title='bbox 831 1015 868 1050; x_wconf 89' lang='lat' dir='ltr'>in</span> <span class='ocrx_word' id='word_1_101' title='bbox 888 1015 960 1050; x_wconf 89' lang='lat' dir='ltr'>for-</span> 
     </span>
     <span class='ocr_line' id='line_1_19' title="bbox 186 1061 956 1108; baseline 0.003 -13"><span class='ocrx_word' id='word_1_102' title='bbox 186 1071 247 1096; x_wconf 80' lang='lat' dir='ltr'>ina</span> <span class='ocrx_word' id='word_1_103' title='bbox 270 1061 437 1098; x_wconf 84' lang='lat' dir='ltr'>humana</span> <span class='ocrx_word' id='word_1_104' title='bbox 456 1061 635 1107; x_wconf 88' lang='lat' dir='ltr'>gloriosa,</span> <span class='ocrx_word' id='word_1_105' title='bbox 661 1065 697 1098; x_wconf 86' lang='lat' dir='ltr'>et</span> <span class='ocrx_word' id='word_1_106' title='bbox 720 1061 956 1108; x_wconf 83' lang='lat' dir='ltr'>impassibili.</span> 
     </span>
     <span class='ocr_line' id='line_1_20' title="bbox 186 1108 957 1154; baseline 0.003 -12"><span class='ocrx_word' id='word_1_107' title='bbox 186 1108 289 1144; x_wconf 76' lang='lat' dir='ltr'>Unde</span> <span class='ocrx_word' id='word_1_108' title='bbox 315 1108 367 1144; x_wconf 84' lang='lat' dir='ltr'>ait</span> <span class='ocrx_word' id='word_1_109' title='bbox 389 1110 618 1153; x_wconf 70' lang='lat' dir='ltr'>Anqustt&#39;nus</span> <span class='ocrx_word' id='word_1_110' title='bbox 645 1122 656 1145; x_wconf 92' lang='grc'>.·</span> <span class='ocrx_word' id='word_1_111' title='bbox 689 1124 708 1142; x_wconf 87' lang='lat'>«</span> <span class='ocrx_word' id='word_1_112' title='bbox 732 1109 791 1146; x_wconf 89' lang='lat' dir='ltr'>Sic</span> <span class='ocrx_word' id='word_1_113' title='bbox 819 1109 957 1154; x_wconf 83' lang='lat' dir='ltr'>veniet,</span> 
     </span>
     <span class='ocr_line' id='line_1_21' title="bbox 184 1155 958 1200; baseline 0 -9"><span class='ocrx_word' id='word_1_114' title='bbox 184 1155 501 1200; x_wconf 71' lang='lat' dir='ltr'>quemadmodum</span> <span class='ocrx_word' id='word_1_115' title='bbox 514 1156 638 1192; x_wconf 88' lang='lat' dir='ltr'>vidisti</span> <span class='ocrx_word' id='word_1_116' title='bbox 655 1167 739 1193; x_wconf 90' lang='lat' dir='ltr'>eum</span> <span class='ocrx_word' id='word_1_117' title='bbox 754 1163 904 1193; x_wconf 88' lang='lat' dir='ltr'>euntem</span> <span class='ocrx_word' id='word_1_118' title='bbox 923 1158 958 1192; x_wconf 91' lang='lat' dir='ltr'>in</span> 
     </span>
     <span class='ocr_line' id='line_1_22' title="bbox 183 1203 958 1245; baseline 0.003 -8"><span class='ocrx_word' id='word_1_119' title='bbox 183 1203 332 1245; x_wconf 83' lang='lat' dir='ltr'>coelum,</span> <span class='ocrx_word' id='word_1_120' title='bbox 360 1203 395 1239; x_wconf 87' lang='lat' dir='ltr'>id</span> <span class='ocrx_word' id='word_1_121' title='bbox 432 1209 488 1240; x_wconf 89' lang='lat' dir='ltr'>est</span> <span class='ocrx_word' id='word_1_122' title='bbox 524 1205 561 1240; x_wconf 92' lang='lat' dir='ltr'>in</span> <span class='ocrx_word' id='word_1_123' title='bbox 593 1204 714 1240; x_wconf 86' lang='lat' dir='ltr'>forma</span> <span class='ocrx_word' id='word_1_124' title='bbox 736 1204 900 1240; x_wconf 86' lang='lat' dir='ltr'>humana</span> <span class='ocrx_word' id='word_1_125' title='bbox 920 1203 958 1239; x_wconf 91' lang='lat' dir='ltr'>in</span> 
     </span>
     <span class='ocr_line' id='line_1_23' title="bbox 183 1249 959 1297; baseline 0.005 -14"><span class='ocrx_word' id='word_1_126' title='bbox 183 1249 449 1295; x_wconf 68' lang='lat' dir='ltr'>quaju121i‹:atns</span> <span class='ocrx_word' id='word_1_127' title='bbox 461 1251 959 1297; x_wconf 77' lang='lat' dir='ltr'>est,judicabit,utetiamil-</span> 
     </span>
     <span class='ocr_line' id='line_1_24' title="bbox 183 1297 958 1345; baseline 0.004 -14"><span class='ocrx_word' id='word_1_128' title='bbox 183 1297 246 1333; x_wconf 85' lang='lat' dir='ltr'>lud</span> <span class='ocrx_word' id='word_1_129' title='bbox 263 1298 518 1343; x_wconf 82' lang='lat' dir='ltr'>propheticum</span> <span class='ocrx_word' id='word_1_130' title='bbox 532 1299 733 1345; x_wconf 76' lang='lat' dir='ltr'>impleatur</span> <span class='ocrx_word' id='word_1_131' title='bbox 749 1311 756 1334; x_wconf 91' lang='lat'>:</span> <span class='ocrx_word' id='word_1_132' title='bbox 773 1300 958 1336; x_wconf 75' lang='lat' dir='ltr'>Videbunt</span> 
     </span>
     <span class='ocr_line' id='line_1_25' title="bbox 180 1343 956 1391; baseline 0.003 -12"><span class='ocrx_word' id='word_1_133' title='bbox 180 1343 219 1380; x_wconf 87' lang='lat' dir='ltr'>in</span> <span class='ocrx_word' id='word_1_134' title='bbox 248 1355 357 1390; x_wconf 74' lang='lat' dir='ltr'>quezn</span> <span class='ocrx_word' id='word_1_135' title='bbox 389 1350 641 1391; x_wconf 66' lang='lat' dir='ltr'>pupugerunt.</span> <span class='ocrx_word' id='word_1_136' title='bbox 670 1360 688 1377; x_wconf 72' lang='lat' dir='ltr'>n</span> <span class='ocrx_word' id='word_1_137' title='bbox 715 1347 757 1382; x_wconf 85' lang='lat' dir='ltr'>Et</span> <span class='ocrx_word' id='word_1_138' title='bbox 781 1345 919 1382; x_wconf 88' lang='lat' dir='ltr'>iterum</span> <span class='ocrx_word' id='word_1_139' title='bbox 948 1357 956 1381; x_wconf 87' lang='lat'>:</span> 
     </span>
     <span class='ocr_line' id='line_1_26' title="bbox 186 1392 956 1437; baseline 0.005 -12"><span class='ocrx_word' id='word_1_140' title='bbox 186 1404 202 1425; x_wconf 87' lang='lat'>«</span> <span class='ocrx_word' id='word_1_141' title='bbox 226 1393 355 1437; x_wconf 83' lang='lat' dir='ltr'>Itaque</span> <span class='ocrx_word' id='word_1_142' title='bbox 372 1392 403 1428; x_wconf 83' lang='lat' dir='ltr'>si</span> <span class='ocrx_word' id='word_1_143' title='bbox 425 1393 633 1429; x_wconf 89' lang='lat' dir='ltr'>rediturum</span> <span class='ocrx_word' id='word_1_144' title='bbox 652 1404 737 1430; x_wconf 86' lang='lat' dir='ltr'>eum</span> <span class='ocrx_word' id='word_1_145' title='bbox 757 1394 956 1437; x_wconf 87' lang='lat' dir='ltr'>credimus,</span> 
     </span>
     <span class='ocr_line' id='line_1_27' title="bbox 183 1441 958 1483; baseline 0.004 -9"><span class='ocrx_word' id='word_1_146' title='bbox 183 1450 251 1474; x_wconf 91' lang='lat' dir='ltr'>nos</span> <span class='ocrx_word' id='word_1_147' title='bbox 277 1444 493 1482; x_wconf 77' lang='lat' dir='ltr'>exspectare</span> <span class='ocrx_word' id='word_1_148' title='bbox 517 1441 713 1483; x_wconf 88' lang='lat' dir='ltr'>debemus,</span> <span class='ocrx_word' id='word_1_149' title='bbox 738 1451 783 1477; x_wconf 89' lang='lat' dir='ltr'>ne</span> <span class='ocrx_word' id='word_1_150' title='bbox 809 1441 859 1477; x_wconf 91' lang='lat' dir='ltr'>sic</span> <span class='ocrx_word' id='word_1_151' title='bbox 889 1451 958 1477; x_wconf 90' lang='lat' dir='ltr'>nos</span> 
     </span>
     <span class='ocr_line' id='line_1_28' title="bbox 183 1488 958 1533; baseline 0.004 -12"><span class='ocrx_word' id='word_1_152' title='bbox 183 1488 479 1528; x_wconf 70' lang='lat' dir='ltr'>comprehendat</span> <span class='ocrx_word' id='word_1_153' title='bbox 516 1488 698 1524; x_wconf 90' lang='lat' dir='ltr'>adventus</span> <span class='ocrx_word' id='word_1_154' title='bbox 735 1488 847 1533; x_wconf 91' lang='lat' dir='ltr'>illius,</span> <span class='ocrx_word' id='word_1_155' title='bbox 883 1499 958 1524; x_wconf 88' lang='lat' dir='ltr'>non</span> 
     </span>
     <span class='ocr_line' id='line_1_29' title="bbox 184 1534 958 1581; baseline 0.004 -12"><span class='ocrx_word' id='word_1_156' title='bbox 184 1534 428 1578; x_wconf 68' lang='lat' dir='ltr'>suspicantes.</span> <span class='ocrx_word' id='word_1_157' title='bbox 448 1537 544 1571; x_wconf 87' lang='lat' dir='ltr'>sieut</span> <span class='ocrx_word' id='word_1_158' title='bbox 561 1536 849 1581; x_wconf 82' lang='lat' dir='ltr'>comprehendit</span> <span class='ocrx_word' id='word_1_159' title='bbox 862 1547 958 1572; x_wconf 85' lang='lat' dir='ltr'>nunc</span> 
     </span>
     <span class='ocr_line' id='line_1_30' title="bbox 185 1583 957 1629; baseline 0.004 -13"><span class='ocrx_word' id='word_1_160' title='bbox 185 1583 380 1627; x_wconf 76' lang='lat' dir='ltr'>castigatio</span> <span class='ocrx_word' id='word_1_161' title='bbox 397 1583 677 1629; x_wconf 82' lang='lat' dir='ltr'>delinquentes;</span> <span class='ocrx_word' id='word_1_162' title='bbox 695 1585 836 1619; x_wconf 75' lang='lat' dir='ltr'>coertio</span> <span class='ocrx_word' id='word_1_163' title='bbox 855 1594 957 1620; x_wconf 88' lang='lat' dir='ltr'>nam-</span> 
     </span>
     <span class='ocr_line' id='line_1_31' title="bbox 183 1630 958 1677; baseline 0.001 -12"><span class='ocrx_word' id='word_1_164' title='bbox 183 1639 254 1674; x_wconf 84' lang='lat' dir='ltr'>que</span> <span class='ocrx_word' id='word_1_165' title='bbox 278 1633 519 1675; x_wconf 69' lang='lat' dir='ltr'>praesentium</span> <span class='ocrx_word' id='word_1_166' title='bbox 546 1630 752 1677; x_wconf 77' lang='lat' dir='ltr'>imaginem</span> <span class='ocrx_word' id='word_1_167' title='bbox 779 1631 893 1667; x_wconf 71' lang='lat' dir='ltr'>habet</span> <span class='ocrx_word' id='word_1_168' title='bbox 920 1632 958 1666; x_wconf 91' lang='lat' dir='ltr'>in</span> 
     </span>
     <span class='ocr_line' id='line_1_32' title="bbox 182 1676 958 1724; baseline 0.004 -13"><span class='ocrx_word' id='word_1_169' title='bbox 182 1687 220 1712; x_wconf 83' lang='lat' dir='ltr'>se</span> <span class='ocrx_word' id='word_1_170' title='bbox 241 1676 465 1714; x_wconf 86' lang='lat' dir='ltr'>futurorum.</span> <span class='ocrx_word' id='word_1_171' title='bbox 491 1678 704 1714; x_wconf 89' lang='lat' dir='ltr'>Cavendum</span> <span class='ocrx_word' id='word_1_172' title='bbox 723 1683 777 1714; x_wconf 88' lang='lat' dir='ltr'>est</span> <span class='ocrx_word' id='word_1_173' title='bbox 792 1689 896 1724; x_wconf 88' lang='lat' dir='ltr'>ergo,</span> <span class='ocrx_word' id='word_1_174' title='bbox 911 1689 958 1714; x_wconf 91' lang='lat' dir='ltr'>ne</span> 
     </span>
     <span class='ocr_line' id='line_1_33' title="bbox 182 1723 959 1772; baseline 0.003 -13"><span class='ocrx_word' id='word_1_175' title='bbox 182 1723 212 1759; x_wconf 83' lang='lat' dir='ltr'>si</span> <span class='ocrx_word' id='word_1_176' title='bbox 237 1725 274 1759; x_wconf 91' lang='lat' dir='ltr'>in</span> <span class='ocrx_word' id='word_1_177' title='bbox 300 1724 477 1770; x_wconf 74' lang='lat' dir='ltr'>praesenti</span> <span class='ocrx_word' id='word_1_178' title='bbox 505 1726 662 1762; x_wconf 87' lang='lat' dir='ltr'>verbere</span> <span class='ocrx_word' id='word_1_179' title='bbox 693 1736 767 1761; x_wconf 90' lang='lat' dir='ltr'>non</span> <span class='ocrx_word' id='word_1_180' title='bbox 795 1727 959 1772; x_wconf 83' lang='lat' dir='ltr'>corrigi-</span> 
     </span>
     <span class='ocr_line' id='line_1_34' title="bbox 181 1772 956 1816; baseline 0 -10"><span class='ocrx_word' id='word_1_181' title='bbox 181 1781 279 1816; x_wconf 89' lang='lat' dir='ltr'>mur,</span> <span class='ocrx_word' id='word_1_182' title='bbox 293 1773 417 1808; x_wconf 82' lang='lat' dir='ltr'>sutura</span> <span class='ocrx_word' id='word_1_183' title='bbox 438 1772 638 1809; x_wconf 87' lang='lat' dir='ltr'>severitate</span> <span class='ocrx_word' id='word_1_184' title='bbox 656 1774 882 1809; x_wconf 82' lang='lat' dir='ltr'>damnemur</span> <span class='ocrx_word' id='word_1_185' title='bbox 904 1784 911 1809; x_wconf 93' lang='lat'><strong>:</strong></span> <span class='ocrx_word' id='word_1_186' title='bbox 939 1786 956 1806; x_wconf 88' lang='lat'>»</span> 
     </span>
     <span class='ocr_line' id='line_1_35' title="bbox 182 1818 525 1863; baseline 0.003 -9"><span class='ocrx_word' id='word_1_187' title='bbox 182 1818 263 1855; x_wconf 81' lang='lat' dir='ltr'>haec</span> <span class='ocrx_word' id='word_1_188' title='bbox 284 1821 525 1863; x_wconf 67' lang='lat' dir='ltr'>Auqustinus.</span> 
     </span>
    </p>

    <p class='ocr_par' dir='ltr' id='par_1_3' title="bbox 164 1867 960 2860">
     <span class='ocr_line' id='line_1_36' title="bbox 231 1867 959 1910; baseline 0.001 -7"><span class='ocrx_word' id='word_1_189' title='bbox 231 1870 269 1903; x_wconf 80' lang='lat'>15</span> <span class='ocrx_word' id='word_1_190' title='bbox 292 1867 368 1910; x_wconf 77' lang='lat' dir='ltr'>Quo</span> <span class='ocrx_word' id='word_1_191' title='bbox 379 1879 474 1903; x_wconf 70' lang='lat' dir='ltr'>nono</span> <span class='ocrx_word' id='word_1_192' title='bbox 486 1869 663 1903; x_wconf 75' lang='lat' dir='ltr'>Arosrom</span> <span class='ocrx_word' id='word_1_193' title='bbox 677 1878 847 1903; x_wconf 72' lang='lat' dir='ltr'>anennsst</span> <span class='ocrx_word' id='word_1_194' title='bbox 871 1879 959 1904; x_wconf 73' lang='lat' dir='ltr'>suxr</span> 
     </span>
     <span class='ocr_line' id='line_1_37' title="bbox 183 1914 958 1961; baseline 0.004 -13"><span class='ocrx_word' id='word_1_195' title='bbox 183 1925 217 1948; x_wconf 70' lang='lat' dir='ltr'>ix</span> <span class='ocrx_word' id='word_1_196' title='bbox 243 1915 462 1951; x_wconf 68' lang='lat' dir='ltr'>JERL&#39;SALEM.</span> <span class='ocrx_word' id='word_1_197' title='bbox 490 1935 532 1941; x_wconf 86' lang='lat'>-</span> <span class='ocrx_word' id='word_1_198' title='bbox 550 1915 756 1951; x_wconf 78' lang='lat' dir='ltr'>Considera</span> <span class='ocrx_word' id='word_1_199' title='bbox 773 1914 847 1959; x_wconf 87' lang='lat' dir='ltr'>hic,</span> <span class='ocrx_word' id='word_1_200' title='bbox 869 1926 958 1961; x_wconf 88' lang='lat' dir='ltr'>quo-</span> 
     </span>
     <span class='ocr_line' id='line_1_38' title="bbox 184 1962 960 1998; baseline 0.004 -3"><span class='ocrx_word' id='word_1_201' title='bbox 184 1962 292 1997; x_wconf 77' lang='lat' dir='ltr'>modo</span> <span class='ocrx_word' id='word_1_202' title='bbox 321 1962 501 1998; x_wconf 80' lang='lat' dir='ltr'>Dominus</span> <span class='ocrx_word' id='word_1_203' title='bbox 521 1963 627 1998; x_wconf 85' lang='lat' dir='ltr'>Jesus</span> <span class='ocrx_word' id='word_1_204' title='bbox 649 1963 695 1998; x_wconf 90' lang='lat' dir='ltr'>de</span> <span class='ocrx_word' id='word_1_205' title='bbox 716 1963 792 1998; x_wconf 84' lang='lat' dir='ltr'>suis</span> <span class='ocrx_word' id='word_1_206' title='bbox 813 1963 960 1998; x_wconf 85' lang='lat' dir='ltr'>sollici-</span> 
     </span>
     <span class='ocr_line' id='line_1_39' title="bbox 183 2009 958 2046; baseline 0.004 -3"><span class='ocrx_word' id='word_1_207' title='bbox 183 2012 240 2044; x_wconf 87' lang='lat' dir='ltr'>tus</span> <span class='ocrx_word' id='word_1_208' title='bbox 261 2009 341 2045; x_wconf 80' lang='lat' dir='ltr'>suit.</span> <span class='ocrx_word' id='word_1_209' title='bbox 365 2010 457 2045; x_wconf 75' lang='lat' dir='ltr'>Nam</span> <span class='ocrx_word' id='word_1_210' title='bbox 478 2009 604 2045; x_wconf 76' lang='lat' dir='ltr'>statim</span> <span class='ocrx_word' id='word_1_211' title='bbox 624 2020 709 2045; x_wconf 87' lang='lat' dir='ltr'>cum</span> <span class='ocrx_word' id='word_1_212' title='bbox 741 2010 890 2045; x_wconf 88' lang='lat' dir='ltr'>evanuit</span> <span class='ocrx_word' id='word_1_213' title='bbox 912 2010 958 2046; x_wconf 89' lang='lat' dir='ltr'>ab</span> 
     </span>
     <span class='ocr_line' id='line_1_40' title="bbox 182 2056 957 2103; baseline 0.003 -12"><span class='ocrx_word' id='word_1_214' title='bbox 182 2056 298 2091; x_wconf 81' lang='lat' dir='ltr'>oeulis</span> <span class='ocrx_word' id='word_1_215' title='bbox 334 2067 478 2101; x_wconf 67' lang='lat' dir='ltr'>eorum,</span> <span class='ocrx_word' id='word_1_216' title='bbox 508 2056 610 2092; x_wconf 85' lang='lat' dir='ltr'>misit</span> <span class='ocrx_word' id='word_1_217' title='bbox 641 2056 801 2103; x_wconf 76' lang='lat' dir='ltr'>Angelos</span> <span class='ocrx_word' id='word_1_218' title='bbox 838 2067 957 2093; x_wconf 82' lang='lat' dir='ltr'>suos:</span> 
     </span>
     <span class='ocr_line' id='line_1_41' title="bbox 182 2103 958 2140; baseline 0.004 -3"><span class='ocrx_word' id='word_1_219' title='bbox 182 2107 261 2138; x_wconf 86' lang='lat' dir='ltr'>tum</span> <span class='ocrx_word' id='word_1_220' title='bbox 282 2107 319 2139; x_wconf 89' lang='lat' dir='ltr'>ut</span> <span class='ocrx_word' id='word_1_221' title='bbox 347 2108 500 2140; x_wconf 73' lang='lat' dir='ltr'>moestos</span> <span class='ocrx_word' id='word_1_222' title='bbox 529 2103 574 2140; x_wconf 89' lang='lat' dir='ltr'>de</span> <span class='ocrx_word' id='word_1_223' title='bbox 610 2104 782 2140; x_wconf 87' lang='lat' dir='ltr'>absentia</span> <span class='ocrx_word' id='word_1_224' title='bbox 810 2104 958 2140; x_wconf 89' lang='lat' dir='ltr'>Domini</span> 
     </span>
     <span class='ocr_line' id='line_1_42' title="bbox 181 2151 959 2195; baseline 0.005 -11"><span class='ocrx_word' id='word_1_225' title='bbox 181 2152 468 2187; x_wconf 69' lang='lat' dir='ltr'>consolarentur</span> <span class='ocrx_word' id='word_1_226' title='bbox 499 2155 535 2187; x_wconf 89' lang='lat' dir='ltr'>et</span> <span class='ocrx_word' id='word_1_227' title='bbox 570 2151 855 2195; x_wconf 88' lang='lat' dir='ltr'>confortarent;</span> <span class='ocrx_word' id='word_1_228' title='bbox 880 2155 959 2188; x_wconf 91' lang='lat' dir='ltr'>tum</span> 
     </span>
     <span class='ocr_line' id='line_1_43' title="bbox 182 2199 958 2244; baseline 0.004 -11"><span class='ocrx_word' id='word_1_229' title='bbox 182 2201 218 2233; x_wconf 86' lang='lat' dir='ltr'>ut</span> <span class='ocrx_word' id='word_1_230' title='bbox 257 2209 341 2234; x_wconf 91' lang='lat' dir='ltr'>eum</span> <span class='ocrx_word' id='word_1_231' title='bbox 377 2210 463 2235; x_wconf 76' lang='lat' dir='ltr'>vere</span> <span class='ocrx_word' id='word_1_232' title='bbox 496 2199 710 2235; x_wconf 81' lang='lat' dir='ltr'>ascendisse</span> <span class='ocrx_word' id='word_1_233' title='bbox 735 2200 773 2234; x_wconf 92' lang='lat' dir='ltr'>in</span> <span class='ocrx_word' id='word_1_234' title='bbox 810 2200 958 2244; x_wconf 86' lang='lat' dir='ltr'>coelum,</span> 
     </span>
     <span class='ocr_line' id='line_1_44' title="bbox 182 2245 959 2293; baseline 0.003 -12"><span class='ocrx_word' id='word_1_235' title='bbox 182 2245 323 2282; x_wconf 77' lang='lat' dir='ltr'>scilicet</span> <span class='ocrx_word' id='word_1_236' title='bbox 345 2245 383 2281; x_wconf 93' lang='lat' dir='ltr'>in</span> <span class='ocrx_word' id='word_1_237' title='bbox 407 2246 600 2293; x_wconf 72' lang='lat' dir='ltr'>regionem</span> <span class='ocrx_word' id='word_1_238' title='bbox 627 2246 869 2292; x_wconf 85' lang='lat' dir='ltr'>Angelorum,</span> <span class='ocrx_word' id='word_1_239' title='bbox 892 2247 959 2283; x_wconf 90' lang='lat' dir='ltr'>de-</span> 
     </span>
     <span class='ocr_line' id='line_1_45' title="bbox 184 2293 960 2337; baseline 0.003 -9"><span class='ocrx_word' id='word_1_240' title='bbox 184 2297 446 2337; x_wconf 66' lang='lat' dir='ltr'>monstrarent,</span> <span class='ocrx_word' id='word_1_241' title='bbox 482 2305 557 2329; x_wconf 91' lang='lat' dir='ltr'>non</span> <span class='ocrx_word' id='word_1_242' title='bbox 599 2293 695 2330; x_wconf 87' lang='lat' dir='ltr'>sicut</span> <span class='ocrx_word' id='word_1_243' title='bbox 731 2295 884 2330; x_wconf 89' lang='lat' dir='ltr'>Henoch</span> <span class='ocrx_word' id='word_1_244' title='bbox 923 2299 960 2331; x_wconf 90' lang='lat' dir='ltr'>et</span> 
     </span>
     <span class='ocr_line' id='line_1_46' title="bbox 164 2340 957 2386; baseline 0.003 -11"><span class='ocrx_word' id='word_1_245' title='bbox 164 2340 292 2384; x_wconf 74' lang='lat' dir='ltr'>Elias,</span> <span class='ocrx_word' id='word_1_246' title='bbox 326 2342 388 2386; x_wconf 81' lang='lat' dir='ltr'>qui</span> <span class='ocrx_word' id='word_1_247' title='bbox 419 2340 589 2377; x_wconf 82' lang='lat' dir='ltr'>translati</span> <span class='ocrx_word' id='word_1_248' title='bbox 618 2344 704 2377; x_wconf 87' lang='lat' dir='ltr'>sunt</span> <span class='ocrx_word' id='word_1_249' title='bbox 735 2340 773 2377; x_wconf 89' lang='lat' dir='ltr'>in</span> <span class='ocrx_word' id='word_1_250' title='bbox 811 2341 957 2386; x_wconf 87' lang='lat' dir='ltr'>paradi-</span> 
     </span>
     <span class='ocr_line' id='line_1_47' title="bbox 181 2388 957 2433; baseline 0.004 -11"><span class='ocrx_word' id='word_1_251' title='bbox 181 2398 261 2423; x_wconf 87' lang='lat' dir='ltr'>sum</span> <span class='ocrx_word' id='word_1_252' title='bbox 300 2391 527 2432; x_wconf 68' lang='lat' dir='ltr'>terrestrem,</span> <span class='ocrx_word' id='word_1_253' title='bbox 559 2390 622 2433; x_wconf 86' lang='lat' dir='ltr'>qui</span> <span class='ocrx_word' id='word_1_254' title='bbox 665 2388 753 2424; x_wconf 89' lang='lat' dir='ltr'>licet</span> <span class='ocrx_word' id='word_1_255' title='bbox 785 2391 957 2425; x_wconf 89' lang='lat' dir='ltr'>eminens</span> 
     </span>
     <span class='ocr_line' id='line_1_48' title="bbox 179 2435 955 2481; baseline 0.004 -12"><span class='ocrx_word' id='word_1_256' title='bbox 179 2435 238 2478; x_wconf 83' lang='lat' dir='ltr'>sit,</span> <span class='ocrx_word' id='word_1_257' title='bbox 264 2438 411 2470; x_wconf 87' lang='lat' dir='ltr'>tantum</span> <span class='ocrx_word' id='word_1_258' title='bbox 436 2435 614 2481; x_wconf 78' lang='lat' dir='ltr'>pertingit</span> <span class='ocrx_word' id='word_1_259' title='bbox 635 2435 880 2472; x_wconf 79' lang='lat' dir='ltr'>sublunarem</span> <span class='ocrx_word' id='word_1_260' title='bbox 902 2447 955 2472; x_wconf 92' lang='lat' dir='ltr'>re-</span> 
     </span>
     <span class='ocr_line' id='line_1_49' title="bbox 180 2482 956 2527; baseline 0.003 -10"><span class='ocrx_word' id='word_1_261' title='bbox 180 2483 356 2527; x_wconf 79' lang='lat' dir='ltr'>gionem·‚</span> <span class='ocrx_word' id='word_1_262' title='bbox 378 2487 519 2518; x_wconf 90' lang='lat' dir='ltr'>tumne</span> <span class='ocrx_word' id='word_1_263' title='bbox 538 2482 675 2519; x_wconf 73' lang='lat' dir='ltr'>diutius</span> <span class='ocrx_word' id='word_1_264' title='bbox 693 2482 744 2518; x_wconf 90' lang='lat' dir='ltr'>ibi</span> <span class='ocrx_word' id='word_1_265' title='bbox 766 2493 956 2520; x_wconf 76' lang='lat' dir='ltr'>moraren-</span> 
     </span>
     <span class='ocr_line' id='line_1_50' title="bbox 182 2529 954 2577; baseline 0.003 -13"><span class='ocrx_word' id='word_1_266' title='bbox 182 2533 243 2564; x_wconf 84' lang='lat' dir='ltr'>tur</span> <span class='ocrx_word' id='word_1_267' title='bbox 272 2535 307 2564; x_wconf 90' lang='lat' dir='ltr'>ct</span> <span class='ocrx_word' id='word_1_268' title='bbox 330 2529 485 2564; x_wconf 72' lang='lat' dir='ltr'>niqum</span> <span class='ocrx_word' id='word_1_269' title='bbox 513 2530 562 2565; x_wconf 89' lang='lat' dir='ltr'>ibi</span> <span class='ocrx_word' id='word_1_270' title='bbox 585 2533 726 2566; x_wconf 86' lang='lat' dir='ltr'>stantes</span> <span class='ocrx_word' id='word_1_271' title='bbox 753 2530 954 2577; x_wconf 87' lang='lat' dir='ltr'>fatigaren-</span> 
     </span>
     <span class='ocr_line' id='line_1_51' title="bbox 180 2576 954 2624; baseline 0.003 -13"><span class='ocrx_word' id='word_1_272' title='bbox 180 2581 254 2621; x_wconf 81' lang='lat' dir='ltr'>tur,</span> <span class='ocrx_word' id='word_1_273' title='bbox 274 2576 338 2612; x_wconf 86' lang='lat' dir='ltr'>sed</span> <span class='ocrx_word' id='word_1_274' title='bbox 352 2576 477 2622; x_wconf 88' lang='lat' dir='ltr'>potius</span> <span class='ocrx_word' id='word_1_275' title='bbox 496 2579 726 2621; x_wconf 74' lang='lat' dir='ltr'>recedentes,</span> <span class='ocrx_word' id='word_1_276' title='bbox 746 2581 954 2624; x_wconf 79' lang='lat' dir='ltr'>promissio-</span> 
     </span>
     <span class='ocr_line' id='line_1_52' title="bbox 180 2625 953 2671; baseline 0.001 -12"><span class='ocrx_word' id='word_1_277' title='bbox 180 2635 259 2659; x_wconf 80' lang='lat' dir='ltr'>nem</span> <span class='ocrx_word' id='word_1_278' title='bbox 268 2625 390 2660; x_wconf 78' lang='lat' dir='ltr'>Patris</span> <span class='ocrx_word' id='word_1_279' title='bbox 405 2629 667 2669; x_wconf 64' lang='lat' dir='ltr'>exspectarent.</span> <span class='ocrx_word' id='word_1_280' title='bbox 683 2627 791 2663; x_wconf 78' lang='lat' dir='ltr'>Tunc.</span> <span class='ocrx_word' id='word_1_281' title='bbox 803 2625 953 2671; x_wconf 82' lang='lat' dir='ltr'>Angelis</span> 
     </span>
     <span class='ocr_line' id='line_1_53' title="bbox 178 2671 954 2718; baseline 0.003 -12"><span class='ocrx_word' id='word_1_282' title='bbox 178 2671 319 2707; x_wconf 75' lang='lat' dir='ltr'>scilicet</span> <span class='ocrx_word' id='word_1_283' title='bbox 337 2671 614 2715; x_wconf 74' lang='lat' dir='ltr'>disparentibus</span> <span class='ocrx_word' id='word_1_284' title='bbox 630 2674 722 2718; x_wconf 74' lang='lat' dir='ltr'>ipsi,</span> <span class='ocrx_word' id='word_1_285' title='bbox 743 2672 884 2708; x_wconf 85' lang='lat' dir='ltr'>scilicet</span> <span class='ocrx_word' id='word_1_286' title='bbox 901 2672 954 2708; x_wconf 91' lang='lat' dir='ltr'>di-</span> 
     </span>
     <span class='ocr_line' id='line_1_54' title="bbox 181 2718 952 2764; baseline 0.001 -10"><span class='ocrx_word' id='word_1_287' title='bbox 181 2718 324 2764; x_wconf 85' lang='lat' dir='ltr'>scipuli,</span> <span class='ocrx_word' id='word_1_288' title='bbox 335 2718 374 2754; x_wconf 88' lang='lat' dir='ltr'>in</span> <span class='ocrx_word' id='word_1_289' title='bbox 386 2718 468 2754; x_wconf 83' lang='lat' dir='ltr'>loco</span> <span class='ocrx_word' id='word_1_290' title='bbox 481 2718 543 2754; x_wconf 85' lang='lat' dir='ltr'>ubi</span> <span class='ocrx_word' id='word_1_291' title='bbox 556 2723 740 2755; x_wconf 87' lang='lat' dir='ltr'>steterunt</span> <span class='ocrx_word' id='word_1_292' title='bbox 753 2719 952 2756; x_wconf 89' lang='lat' dir='ltr'>novissime</span> 
     </span>
     <span class='ocr_line' id='line_1_55' title="bbox 180 2766 953 2814; baseline 0.001 -12"><span class='ocrx_word' id='word_1_293' title='bbox 180 2766 295 2811; x_wconf 87' lang='lat' dir='ltr'>pedes</span> <span class='ocrx_word' id='word_1_294' title='bbox 307 2766 389 2814; x_wconf 86' lang='lat' dir='ltr'>ejus</span> <span class='ocrx_word' id='word_1_295' title='bbox 397 2766 590 2802; x_wconf 80' lang='lat' dir='ltr'>adorantes</span> <span class='ocrx_word' id='word_1_296' title='bbox 599 2766 802 2811; x_wconf 88' lang='lat' dir='ltr'>Christum,</span> <span class='ocrx_word' id='word_1_297' title='bbox 812 2767 953 2804; x_wconf 88' lang='lat' dir='ltr'>scilicet</span> 
     </span>
     <span class='ocr_line' id='line_1_56' title="bbox 181 2813 952 2860; baseline 0.003 -11"><span class='ocrx_word' id='word_1_298' title='bbox 181 2814 296 2850; x_wconf 88' lang='lat' dir='ltr'>Deum</span> <span class='ocrx_word' id='word_1_299' title='bbox 318 2817 354 2850; x_wconf 85' lang='lat' dir='ltr'>et</span> <span class='ocrx_word' id='word_1_300' title='bbox 378 2813 583 2860; x_wconf 90' lang='lat' dir='ltr'>hominem,</span> <span class='ocrx_word' id='word_1_301' title='bbox 608 2816 647 2850; x_wconf 90' lang='lat' dir='ltr'>ut</span> <span class='ocrx_word' id='word_1_302' title='bbox 669 2814 745 2851; x_wconf 88' lang='lat' dir='ltr'>Deo</span> <span class='ocrx_word' id='word_1_303' title='bbox 766 2824 952 2860; x_wconf 85' lang='lat' dir='ltr'>persona-</span> 
     </span>
    </p>
   </div>
   <div class='ocr_carea' id='block_1_3' title="bbox 867 186 1392 220">
    <p class='ocr_par' dir='ltr' id='par_1_4' title="bbox 867 186 1392 220">
     <span class='ocr_line' id='line_1_57' title="bbox 867 186 1392 220; baseline 0 -2"><span class='ocrx_word' id='word_1_304' title='bbox 867 186 1018 219; x_wconf 79' lang='lat' dir='ltr'>l‘ARTlS</span> <span class='ocrx_word' id='word_1_305' title='bbox 1057 187 1190 220; x_wconf 63' lang='lat' dir='ltr'><strong>CAPUT</strong></span> <span class='ocrx_word' id='word_1_306' title='bbox 1231 186 1392 220; x_wconf 71' lang='lat' dir='ltr'>{xxxii</span> 
     </span>
    </p>
   </div>
   <div class='ocr_carea' id='block_1_4' title="bbox 1033 257 1823 1772">
    <p class='ocr_par' dir='ltr' id='par_1_5' title="bbox 1033 257 1823 1772">
     <span class='ocr_line' id='line_1_58' title="bbox 1039 257 1817 304; baseline 0.001 -11"><span class='ocrx_word' id='word_1_307' title='bbox 1039 257 1124 293; x_wconf 84' lang='lat' dir='ltr'>liter</span> <span class='ocrx_word' id='word_1_308' title='bbox 1139 257 1296 300; x_wconf 83' lang='lat' dir='ltr'>unitum,</span> <span class='ocrx_word' id='word_1_309' title='bbox 1312 260 1446 293; x_wconf 74' lang='lat' dir='ltr'>reversi</span> <span class='ocrx_word' id='word_1_310' title='bbox 1457 263 1541 294; x_wconf 75' lang='lat' dir='ltr'>sunt</span> <span class='ocrx_word' id='word_1_311' title='bbox 1557 260 1817 304; x_wconf 75' lang='lat' dir='ltr'>Jerosolymam</span> 
     </span>
     <span class='ocr_line' id='line_1_59' title="bbox 1041 306 1816 353; baseline 0.004 -14"><span class='ocrx_word' id='word_1_312' title='bbox 1041 317 1062 340; x_wconf 86' lang='grc' dir='ltr'><em>α</em></span> <span class='ocrx_word' id='word_1_313' title='bbox 1083 309 1199 340; x_wconf 82' lang='lat' dir='ltr'>monte</span> <span class='ocrx_word' id='word_1_314' title='bbox 1226 307 1290 350; x_wconf 76' lang='lat' dir='ltr'>qm·</span> <span class='ocrx_word' id='word_1_315' title='bbox 1318 307 1467 340; x_wconf 78' lang='lat' dir='ltr'>vocatur</span> <span class='ocrx_word' id='word_1_316' title='bbox 1487 306 1632 345; x_wconf 76' lang='lat' dir='ltr'>oliveti,</span> <span class='ocrx_word' id='word_1_317' title='bbox 1660 308 1816 353; x_wconf 83' lang='lat' dir='ltr'>propter</span> 
     </span>
     <span class='ocr_line' id='line_1_60' title="bbox 1042 352 1817 398; baseline 0.001 -11"><span class='ocrx_word' id='word_1_318' title='bbox 1042 353 1186 396; x_wconf 80' lang='lat' dir='ltr'>copiam</span> <span class='ocrx_word' id='word_1_319' title='bbox 1209 352 1405 393; x_wconf 86' lang='lat' dir='ltr'>olivarum,</span> <span class='ocrx_word' id='word_1_320' title='bbox 1428 354 1493 398; x_wconf 76' lang='lat' dir='ltr'>qui</span> <span class='ocrx_word' id='word_1_321' title='bbox 1513 357 1566 388; x_wconf 78' lang='lat' dir='ltr'>est</span> <span class='ocrx_word' id='word_1_322' title='bbox 1581 354 1695 398; x_wconf 65' lang='lat' dir='ltr'>juxta</span> <span class='ocrx_word' id='word_1_323' title='bbox 1712 355 1817 389; x_wconf 85' lang='lat' dir='ltr'>Jeru-</span> 
     </span>
     <span class='ocr_line' id='line_1_61' title="bbox 1039 399 1816 439; baseline 0.003 -5"><span class='ocrx_word' id='word_1_324' title='bbox 1039 401 1163 439; x_wconf 75' lang='lat' dir='ltr'>salem,</span> <span class='ocrx_word' id='word_1_325' title='bbox 1186 400 1331 434; x_wconf 66' lang='lat' dir='ltr'>sabbata·</span> <span class='ocrx_word' id='word_1_326' title='bbox 1353 400 1487 436; x_wconf 57' lang='lat' dir='ltr'>habens</span> <span class='ocrx_word' id='word_1_327' title='bbox 1514 402 1595 439; x_wconf 78' lang='lat' dir='ltr'>iter.</span> <span class='ocrx_word' id='word_1_328' title='bbox 1618 400 1655 436; x_wconf 89' lang='lat' dir='ltr'>id</span> <span class='ocrx_word' id='word_1_329' title='bbox 1679 403 1734 436; x_wconf 72' lang='lat' dir='ltr'>cst</span> <span class='ocrx_word' id='word_1_330' title='bbox 1754 399 1816 436; x_wconf 86' lang='lat' dir='ltr'>iti-</span> 
     </span>
     <span class='ocr_line' id='line_1_62' title="bbox 1041 446 1815 494; baseline 0.004 -14"><span class='ocrx_word' id='word_1_331' title='bbox 1041 457 1129 482; x_wconf 83' lang='lat' dir='ltr'>nere</span> <span class='ocrx_word' id='word_1_332' title='bbox 1162 446 1322 490; x_wconf 78' lang='lat' dir='ltr'>sabbati,</span> <span class='ocrx_word' id='word_1_333' title='bbox 1344 446 1485 483; x_wconf 87' lang='lat' dir='ltr'>scilicet</span> <span class='ocrx_word' id='word_1_334' title='bbox 1509 447 1627 494; x_wconf 68' lang='lat' dir='ltr'>spatio</span> <span class='ocrx_word' id='word_1_335' title='bbox 1649 446 1815 484; x_wconf 89' lang='lat' dir='ltr'>milliarii</span> 
     </span>
     <span class='ocr_line' id='line_1_63' title="bbox 1040 493 1816 539; baseline 0.001 -10"><span class='ocrx_word' id='word_1_336' title='bbox 1040 493 1182 529; x_wconf 77' lang='lat' dir='ltr'>distans</span> <span class='ocrx_word' id='word_1_337' title='bbox 1203 495 1251 530; x_wconf 89' lang='lat' dir='ltr'>ab</span> <span class='ocrx_word' id='word_1_338' title='bbox 1270 494 1480 530; x_wconf 82' lang='lat' dir='ltr'>Jerusalem</span> <span class='ocrx_word' id='word_1_339' title='bbox 1504 505 1511 530; x_wconf 88' lang='lat'>:</span> <span class='ocrx_word' id='word_1_340' title='bbox 1536 494 1626 539; x_wconf 80' lang='lat' dir='ltr'>quia</span> <span class='ocrx_word' id='word_1_341' title='bbox 1643 505 1719 531; x_wconf 91' lang='lat' dir='ltr'>non</span> <span class='ocrx_word' id='word_1_342' title='bbox 1738 504 1816 530; x_wconf 91' lang='lat' dir='ltr'>am-</span> 
     </span>
     <span class='ocr_line' id='line_1_64' title="bbox 1039 540 1816 588; baseline 0.004 -13"><span class='ocrx_word' id='word_1_343' title='bbox 1039 540 1148 584; x_wconf 86' lang='lat' dir='ltr'>pliori</span> <span class='ocrx_word' id='word_1_344' title='bbox 1169 541 1290 586; x_wconf 77' lang='lat' dir='ltr'>spatio</span> <span class='ocrx_word' id='word_1_345' title='bbox 1317 541 1452 578; x_wconf 83' lang='lat' dir='ltr'>licebat</span> <span class='ocrx_word' id='word_1_346' title='bbox 1479 542 1618 578; x_wconf 73' lang='lat' dir='ltr'>Juslaeis</span> <span class='ocrx_word' id='word_1_347' title='bbox 1637 541 1816 588; x_wconf 85' lang='lat' dir='ltr'>progredi</span> 
     </span>
     <span class='ocr_line' id='line_1_65' title="bbox 1038 587 1818 635; baseline 0.004 -12"><span class='ocrx_word' id='word_1_348' title='bbox 1038 587 1075 623; x_wconf 92' lang='lat' dir='ltr'>in</span> <span class='ocrx_word' id='word_1_349' title='bbox 1098 589 1254 625; x_wconf 89' lang='lat' dir='ltr'>sabbato</span> <span class='ocrx_word' id='word_1_350' title='bbox 1271 589 1316 624; x_wconf 82' lang='lat' dir='ltr'>cle</span> <span class='ocrx_word' id='word_1_351' title='bbox 1331 588 1419 625; x_wconf 89' lang='lat' dir='ltr'>villa</span> <span class='ocrx_word' id='word_1_352' title='bbox 1439 589 1494 624; x_wconf 88' lang='lat' dir='ltr'>vel</span> <span class='ocrx_word' id='word_1_353' title='bbox 1516 588 1664 626; x_wconf 80' lang='lat' dir='ltr'>civitate</span> <span class='ocrx_word' id='word_1_354' title='bbox 1684 589 1719 625; x_wconf 90' lang='lat' dir='ltr'>in</span> <span class='ocrx_word' id='word_1_355' title='bbox 1744 599 1818 635; x_wconf 82' lang='lat' dir='ltr'>qua</span> 
     </span>
     <span class='ocr_line' id='line_1_66' title="bbox 1039 635 1817 683; baseline 0.003 -12"><span class='ocrx_word' id='word_1_356' title='bbox 1039 640 1170 679; x_wconf 83' lang='lat' dir='ltr'>erant3</span> <span class='ocrx_word' id='word_1_357' title='bbox 1210 636 1275 671; x_wconf 90' lang='lat' dir='ltr'>sed</span> <span class='ocrx_word' id='word_1_358' title='bbox 1313 635 1411 672; x_wconf 87' lang='lat' dir='ltr'>circa</span> <span class='ocrx_word' id='word_1_359' title='bbox 1444 646 1512 682; x_wconf 89' lang='lat' dir='ltr'>per</span> <span class='ocrx_word' id='word_1_360' title='bbox 1544 637 1646 673; x_wconf 91' lang='lat' dir='ltr'>mille</span> <span class='ocrx_word' id='word_1_361' title='bbox 1681 647 1817 683; x_wconf 88' lang='lat' dir='ltr'>passus</span> 
     </span>
     <span class='ocr_line' id='line_1_67' title="bbox 1039 682 1816 729; baseline 0.001 -11"><span class='ocrx_word' id='word_1_362' title='bbox 1039 682 1282 719; x_wconf 86' lang='lat' dir='ltr'>deambulare</span> <span class='ocrx_word' id='word_1_363' title='bbox 1323 686 1512 729; x_wconf 86' lang='lat' dir='ltr'>poterant.</span> <span class='ocrx_word' id='word_1_364' title='bbox 1547 685 1660 720; x_wconf 86' lang='lat' dir='ltr'>Vetus</span> <span class='ocrx_word' id='word_1_365' title='bbox 1699 683 1816 721; x_wconf 89' lang='lat' dir='ltr'>editio</span> 
     </span>
     <span class='ocr_line' id='line_1_68' title="bbox 1038 730 1815 768; baseline 0.004 -3"><span class='ocrx_word' id='word_1_366' title='bbox 1038 730 1151 766; x_wconf 66' lang='lat' dir='ltr'>habet</span> <span class='ocrx_word' id='word_1_367' title='bbox 1178 741 1199 766; x_wconf 88' lang='lat' dir='ltr'>a</span> <span class='ocrx_word' id='word_1_368' title='bbox 1234 734 1358 766; x_wconf 86' lang='lat' dir='ltr'>monte</span> <span class='ocrx_word' id='word_1_369' title='bbox 1386 731 1499 767; x_wconf 85' lang='lat' dir='ltr'>trium</span> <span class='ocrx_word' id='word_1_370' title='bbox 1529 730 1727 768; x_wconf 88' lang='lat' dir='ltr'>luminum.</span> <span class='ocrx_word' id='word_1_371' title='bbox 1757 731 1815 767; x_wconf 91' lang='lat' dir='ltr'>Sic</span> 
     </span>
     <span class='ocr_line' id='line_1_69' title="bbox 1038 778 1815 824; baseline 0.004 -12"><span class='ocrx_word' id='word_1_372' title='bbox 1038 782 1162 813; x_wconf 79' lang='lat' dir='ltr'>autern</span> <span class='ocrx_word' id='word_1_373' title='bbox 1184 778 1305 813; x_wconf 85' lang='lat' dir='ltr'>dictus</span> <span class='ocrx_word' id='word_1_374' title='bbox 1325 781 1378 814; x_wconf 80' lang='lat' dir='ltr'>est</span> <span class='ocrx_word' id='word_1_375' title='bbox 1400 788 1510 814; x_wconf 86' lang='lat' dir='ltr'>mons</span> <span class='ocrx_word' id='word_1_376' title='bbox 1531 779 1666 815; x_wconf 88' lang='lat' dir='ltr'>Oliveti</span> <span class='ocrx_word' id='word_1_377' title='bbox 1693 790 1701 814; x_wconf 91' lang='lat'>:</span> <span class='ocrx_word' id='word_1_378' title='bbox 1726 779 1815 824; x_wconf 89' lang='lat' dir='ltr'>quia</span> 
     </span>
     <span class='ocr_line' id='line_1_70' title="bbox 1038 824 1814 872; baseline 0.003 -12"><span class='ocrx_word' id='word_1_379' title='bbox 1038 824 1083 860; x_wconf 92' lang='lat' dir='ltr'>dc</span> <span class='ocrx_word' id='word_1_380' title='bbox 1112 830 1220 861; x_wconf 88' lang='lat' dir='ltr'>nocte</span> <span class='ocrx_word' id='word_1_381' title='bbox 1243 835 1285 861; x_wconf 80' lang='lat' dir='ltr'>ex</span> <span class='ocrx_word' id='word_1_382' title='bbox 1304 829 1410 872; x_wconf 83' lang='lat' dir='ltr'>parte</span> <span class='ocrx_word' id='word_1_383' title='bbox 1431 825 1643 862; x_wconf 76' lang='lat' dir='ltr'>Occidentis</span> <span class='ocrx_word' id='word_1_384' title='bbox 1665 825 1814 862; x_wconf 84' lang='lat' dir='ltr'>illumi-</span> 
     </span>
     <span class='ocr_line' id='line_1_71' title="bbox 1036 871 1815 919; baseline 0.003 -12"><span class='ocrx_word' id='word_1_385' title='bbox 1036 871 1198 908; x_wconf 87' lang='lat' dir='ltr'>nabatur</span> <span class='ocrx_word' id='word_1_386' title='bbox 1226 873 1310 918; x_wconf 87' lang='lat' dir='ltr'>igne</span> <span class='ocrx_word' id='word_1_387' title='bbox 1347 872 1491 919; x_wconf 68' lang='lat' dir='ltr'>templi,</span> <span class='ocrx_word' id='word_1_388' title='bbox 1514 874 1577 910; x_wconf 91' lang='lat' dir='ltr'>ubi</span> <span class='ocrx_word' id='word_1_389' title='bbox 1608 876 1689 910; x_wconf 86' lang='lat' dir='ltr'>erat</span> <span class='ocrx_word' id='word_1_390' title='bbox 1715 872 1815 919; x_wconf 85' lang='lat' dir='ltr'>ignis</span> 
     </span>
     <span class='ocr_line' id='line_1_72' title="bbox 1033 918 1815 966; baseline 0.004 -13"><span class='ocrx_word' id='word_1_391' title='bbox 1033 918 1135 964; x_wconf 86' lang='lat' dir='ltr'>jugis</span> <span class='ocrx_word' id='word_1_392' title='bbox 1158 919 1194 954; x_wconf 88' lang='lat' dir='ltr'>in</span> <span class='ocrx_word' id='word_1_393' title='bbox 1222 920 1328 955; x_wconf 84' lang='lat' dir='ltr'>altari</span> <span class='ocrx_word' id='word_1_394' title='bbox 1348 931 1356 963; x_wconf 86' lang='grc'>;</span> <span class='ocrx_word' id='word_1_395' title='bbox 1378 931 1486 956; x_wconf 89' lang='lat' dir='ltr'>mane</span> <span class='ocrx_word' id='word_1_396' title='bbox 1508 931 1530 956; x_wconf 90' lang='lat' dir='ltr'>a</span> <span class='ocrx_word' id='word_1_397' title='bbox 1555 924 1659 966; x_wconf 84' lang='lat' dir='ltr'>parte</span> <span class='ocrx_word' id='word_1_398' title='bbox 1686 921 1815 958; x_wconf 87' lang='lat' dir='ltr'>Orien-</span> 
     </span>
     <span class='ocr_line' id='line_1_73' title="bbox 1037 965 1813 1012; baseline 0.005 -12"><span class='ocrx_word' id='word_1_399' title='bbox 1037 965 1084 1001; x_wconf 86' lang='lat' dir='ltr'>tis</span> <span class='ocrx_word' id='word_1_400' title='bbox 1104 965 1225 1012; x_wconf 87' lang='lat' dir='ltr'>primo</span> <span class='ocrx_word' id='word_1_401' title='bbox 1248 967 1454 1011; x_wconf 62' lang='lat' dir='ltr'>excipiebat</span> <span class='ocrx_word' id='word_1_402' title='bbox 1472 967 1599 1004; x_wconf 86' lang='lat' dir='ltr'>radios</span> <span class='ocrx_word' id='word_1_403' title='bbox 1621 968 1726 1012; x_wconf 89' lang='lat' dir='ltr'>solis,</span> <span class='ocrx_word' id='word_1_404' title='bbox 1747 979 1813 1004; x_wconf 88' lang='lat' dir='ltr'>an-</span> 
     </span>
     <span class='ocr_line' id='line_1_74' title="bbox 1036 1014 1814 1059; baseline 0.005 -11"><span class='ocrx_word' id='word_1_405' title='bbox 1036 1016 1196 1059; x_wconf 83' lang='lat' dir='ltr'>tequam·</span> <span class='ocrx_word' id='word_1_406' title='bbox 1211 1014 1445 1051; x_wconf 82' lang='lat' dir='ltr'>illustrarent</span> <span class='ocrx_word' id='word_1_407' title='bbox 1466 1014 1674 1059; x_wconf 82' lang='lat' dir='ltr'>civitatem3</span> <span class='ocrx_word' id='word_1_408' title='bbox 1698 1016 1814 1052; x_wconf 83' lang='lat' dir='ltr'>habe-</span> 
     </span>
     <span class='ocr_line' id='line_1_75' title="bbox 1037 1061 1812 1109; baseline 0.004 -13"><span class='ocrx_word' id='word_1_409' title='bbox 1037 1061 1099 1096; x_wconf 89' lang='lat' dir='ltr'>bat</span> <span class='ocrx_word' id='word_1_410' title='bbox 1121 1062 1235 1097; x_wconf 89' lang='lat' dir='ltr'>etiam</span> <span class='ocrx_word' id='word_1_411' title='bbox 1262 1061 1409 1108; x_wconf 75' lang='lat' dir='ltr'>copiam</span> <span class='ocrx_word' id='word_1_412' title='bbox 1430 1062 1517 1106; x_wconf 89' lang='lat' dir='ltr'>olei,</span> <span class='ocrx_word' id='word_1_413' title='bbox 1540 1063 1640 1109; x_wconf 82' lang='lat' dir='ltr'>quod</span> <span class='ocrx_word' id='word_1_414' title='bbox 1663 1066 1720 1100; x_wconf 88' lang='lat' dir='ltr'>est</span> <span class='ocrx_word' id='word_1_415' title='bbox 1753 1063 1812 1099; x_wconf 92' lang='lat' dir='ltr'>lu-</span> 
     </span>
     <span class='ocr_line' id='line_1_76' title="bbox 1038 1107 1810 1156; baseline 0.004 -13"><span class='ocrx_word' id='word_1_416' title='bbox 1038 1107 1148 1144; x_wconf 88' lang='lat' dir='ltr'>minis</span> <span class='ocrx_word' id='word_1_417' title='bbox 1166 1109 1332 1145; x_wconf 86' lang='lat' dir='ltr'>somentu</span> <span class='ocrx_word' id='word_1_418' title='bbox 1340 1119 1386 1145; x_wconf 90' lang='lat' dir='ltr'>m.</span> <span class='ocrx_word' id='word_1_419' title='bbox 1402 1111 1448 1146; x_wconf 82' lang='lat' dir='ltr'>Et</span> <span class='ocrx_word' id='word_1_420' title='bbox 1463 1112 1537 1156; x_wconf 80' lang='lat' dir='ltr'>ipsi</span> <span class='ocrx_word' id='word_1_421' title='bbox 1552 1113 1707 1156; x_wconf 65' lang='lat' dir='ltr'>regressi</span> <span class='ocrx_word' id='word_1_422' title='bbox 1722 1113 1810 1146; x_wconf 78' lang='lat' dir='ltr'>sunt</span> 
     </span>
     <span class='ocr_line' id='line_1_77' title="bbox 1034 1157 1810 1203; baseline 0.004 -12"><span class='ocrx_word' id='word_1_423' title='bbox 1034 1157 1073 1191; x_wconf 78' lang='lat' dir='ltr'>in</span> <span class='ocrx_word' id='word_1_424' title='bbox 1092 1157 1290 1192; x_wconf 72' lang='lat' dir='ltr'>Jerusalem</span> <span class='ocrx_word' id='word_1_425' title='bbox 1313 1167 1391 1192; x_wconf 74' lang='lat' dir='ltr'>cum</span> <span class='ocrx_word' id='word_1_426' title='bbox 1408 1158 1543 1201; x_wconf 73' lang='lat' dir='ltr'>yaudz‘o</span> <span class='ocrx_word' id='word_1_427' title='bbox 1560 1158 1810 1203; x_wconf 58' lang='lat' dir='ltr'>maqnmquia</span> 
     </span>
     <span class='ocr_line' id='line_1_78' title="bbox 1035 1203 1809 1251; baseline 0.003 -13"><span class='ocrx_word' id='word_1_428' title='bbox 1035 1203 1162 1239; x_wconf 90' lang='lat' dir='ltr'>omnia</span> <span class='ocrx_word' id='word_1_429' title='bbox 1172 1203 1350 1250; x_wconf 84' lang='lat' dir='ltr'>mysteria</span> <span class='ocrx_word' id='word_1_430' title='bbox 1364 1209 1472 1241; x_wconf 88' lang='lat' dir='ltr'>erant</span> <span class='ocrx_word' id='word_1_431' title='bbox 1486 1205 1641 1251; x_wconf 90' lang='lat' dir='ltr'>impleta</span> <span class='ocrx_word' id='word_1_432' title='bbox 1654 1205 1693 1241; x_wconf 89' lang='lat' dir='ltr'>in</span> <span class='ocrx_word' id='word_1_433' title='bbox 1708 1203 1809 1242; x_wconf 86' lang='lat' dir='ltr'>Chri-</span> 
     </span>
     <span class='ocr_line' id='line_1_79' title="bbox 1036 1252 1811 1290; baseline 0.004 -4"><span class='ocrx_word' id='word_1_434' title='bbox 1036 1255 1105 1286; x_wconf 89' lang='lat' dir='ltr'>sto.</span> <span class='ocrx_word' id='word_1_435' title='bbox 1129 1252 1370 1288; x_wconf 85' lang='lat' dir='ltr'>Laetabantur</span> <span class='ocrx_word' id='word_1_436' title='bbox 1388 1255 1512 1288; x_wconf 88' lang='lat' dir='ltr'>autem</span> <span class='ocrx_word' id='word_1_437' title='bbox 1533 1253 1579 1289; x_wconf 91' lang='lat' dir='ltr'>de</span> <span class='ocrx_word' id='word_1_438' title='bbox 1603 1254 1666 1290; x_wconf 86' lang='lat' dir='ltr'>Dei</span> <span class='ocrx_word' id='word_1_439' title='bbox 1689 1256 1725 1289; x_wconf 89' lang='lat' dir='ltr'>et</span> <span class='ocrx_word' id='word_1_440' title='bbox 1739 1253 1811 1289; x_wconf 93' lang='lat' dir='ltr'>Do-</span> 
     </span>
     <span class='ocr_line' id='line_1_80' title="bbox 1034 1298 1813 1346; baseline 0.005 -13"><span class='ocrx_word' id='word_1_441' title='bbox 1034 1298 1127 1333; x_wconf 91' lang='lat' dir='ltr'>mini</span> <span class='ocrx_word' id='word_1_442' title='bbox 1163 1298 1217 1334; x_wconf 91' lang='lat' dir='ltr'>sui</span> <span class='ocrx_word' id='word_1_443' title='bbox 1253 1298 1540 1345; x_wconf 80' lang='lat' dir='ltr'>glorificatione,</span> <span class='ocrx_word' id='word_1_444' title='bbox 1579 1310 1691 1346; x_wconf 88' lang='lat' dir='ltr'>quem</span> <span class='ocrx_word' id='word_1_445' title='bbox 1726 1303 1813 1346; x_wconf 84' lang='lat' dir='ltr'>post</span> 
     </span>
     <span class='ocr_line' id='line_1_81' title="bbox 1035 1345 1823 1392; baseline 0.005 -12"><span class='ocrx_word' id='word_1_446' title='bbox 1035 1345 1269 1392; x_wconf 86' lang='lat' dir='ltr'>triumphum</span> <span class='ocrx_word' id='word_1_447' title='bbox 1290 1347 1591 1384; x_wconf 85' lang='lat' dir='ltr'>Resurrectionis</span> <span class='ocrx_word' id='word_1_448' title='bbox 1605 1348 1719 1384; x_wconf 84' lang='lat' dir='ltr'>etiam</span> <span class='ocrx_word' id='word_1_449' title='bbox 1740 1358 1823 1388; x_wconf 63' lang='lat' dir='ltr'>coe-,</span> 
     </span>
     <span class='ocr_line' id='line_1_82' title="bbox 1034 1393 1812 1441; baseline 0.005 -13"><span class='ocrx_word' id='word_1_450' title='bbox 1034 1393 1090 1428; x_wconf 80' lang='lat' dir='ltr'>los</span> <span class='ocrx_word' id='word_1_451' title='bbox 1105 1398 1360 1440; x_wconf 82' lang='lat' dir='ltr'>cognoverant</span> <span class='ocrx_word' id='word_1_452' title='bbox 1373 1399 1591 1441; x_wconf 85' lang='lat' dir='ltr'>penetrasse</span> <span class='ocrx_word' id='word_1_453' title='bbox 1604 1406 1612 1440; x_wconf 94' lang='grc'><strong>;</strong></span> <span class='ocrx_word' id='word_1_454' title='bbox 1632 1395 1812 1432; x_wconf 84' lang='lat' dir='ltr'>laetaban-</span> 
     </span>
     <span class='ocr_line' id='line_1_83' title="bbox 1035 1440 1815 1488; baseline 0.005 -13"><span class='ocrx_word' id='word_1_455' title='bbox 1035 1443 1096 1475; x_wconf 81' lang='lat' dir='ltr'>tur</span> <span class='ocrx_word' id='word_1_456' title='bbox 1120 1447 1157 1477; x_wconf 88' lang='lat' dir='ltr'>et</span> <span class='ocrx_word' id='word_1_457' title='bbox 1184 1441 1230 1477; x_wconf 89' lang='lat' dir='ltr'>de</span> <span class='ocrx_word' id='word_1_458' title='bbox 1257 1440 1412 1477; x_wconf 87' lang='lat' dir='ltr'>humani</span> <span class='ocrx_word' id='word_1_459' title='bbox 1448 1444 1598 1488; x_wconf 87' lang='lat' dir='ltr'>generis</span> <span class='ocrx_word' id='word_1_460' title='bbox 1627 1443 1815 1488; x_wconf 83' lang='lat' dir='ltr'>completa</span> 
     </span>
     <span class='ocr_line' id='line_1_84' title="bbox 1036 1488 1814 1534; baseline 0.004 -11"><span class='ocrx_word' id='word_1_461' title='bbox 1036 1488 1314 1534; x_wconf 84' lang='lat' dir='ltr'>redemptione;</span> <span class='ocrx_word' id='word_1_462' title='bbox 1331 1489 1377 1525; x_wconf 91' lang='lat' dir='ltr'>de</span> <span class='ocrx_word' id='word_1_463' title='bbox 1392 1490 1672 1527; x_wconf 80' lang='lat' dir='ltr'>restauratione</span> <span class='ocrx_word' id='word_1_464' title='bbox 1690 1490 1814 1527; x_wconf 84' lang='lat' dir='ltr'>ruinae</span> 
     </span>
     <span class='ocr_line' id='line_1_85' title="bbox 1034 1536 1815 1583; baseline 0.006 -13"><span class='ocrx_word' id='word_1_465' title='bbox 1034 1536 1278 1581; x_wconf 81' lang='lat' dir='ltr'>Angelorum,</span> <span class='ocrx_word' id='word_1_466' title='bbox 1301 1540 1337 1572; x_wconf 92' lang='lat' dir='ltr'>et</span> <span class='ocrx_word' id='word_1_467' title='bbox 1363 1537 1408 1573; x_wconf 86' lang='lat' dir='ltr'>de</span> <span class='ocrx_word' id='word_1_468' title='bbox 1430 1537 1642 1583; x_wconf 88' lang='lat' dir='ltr'>dejectione</span> <span class='ocrx_word' id='word_1_469' title='bbox 1666 1539 1815 1575; x_wconf 86' lang='lat' dir='ltr'>daemo-</span> 
     </span>
     <span class='ocr_line' id='line_1_86' title="bbox 1035 1583 1814 1628; baseline 0.005 -10"><span class='ocrx_word' id='word_1_470' title='bbox 1035 1594 1144 1628; x_wconf 88' lang='lat' dir='ltr'>num;</span> <span class='ocrx_word' id='word_1_471' title='bbox 1160 1583 1204 1619; x_wconf 89' lang='lat' dir='ltr'>de</span> <span class='ocrx_word' id='word_1_472' title='bbox 1218 1583 1438 1621; x_wconf 84' lang='lat' dir='ltr'>confusione</span> <span class='ocrx_word' id='word_1_473' title='bbox 1453 1585 1814 1622; x_wconf 71' lang='lat' dir='ltr'>Judae‹.ruminfide-</span> 
     </span>
     <span class='ocr_line' id='line_1_87' title="bbox 1037 1630 1813 1680; baseline 0.005 -15"><span class='ocrx_word' id='word_1_474' title='bbox 1037 1630 1139 1676; x_wconf 90' lang='lat' dir='ltr'>lium,</span> <span class='ocrx_word' id='word_1_475' title='bbox 1162 1634 1199 1667; x_wconf 90' lang='lat' dir='ltr'>et</span> <span class='ocrx_word' id='word_1_476' title='bbox 1219 1632 1262 1667; x_wconf 86' lang='lat' dir='ltr'>de</span> <span class='ocrx_word' id='word_1_477' title='bbox 1285 1630 1445 1678; x_wconf 89' lang='lat' dir='ltr'>Spiritus</span> <span class='ocrx_word' id='word_1_478' title='bbox 1468 1632 1592 1669; x_wconf 85' lang='lat' dir='ltr'>Sancti</span> <span class='ocrx_word' id='word_1_479' title='bbox 1615 1632 1813 1680; x_wconf 90' lang='lat' dir='ltr'>promissi·</span> 
     </span>
     <span class='ocr_line' id='line_1_88' title="bbox 1036 1678 1812 1727; baseline 0.006 -14"><span class='ocrx_word' id='word_1_480' title='bbox 1036 1688 1120 1716; x_wconf 80' lang='lat' dir='ltr'>one.</span> <span class='ocrx_word' id='word_1_481' title='bbox 1142 1678 1187 1714; x_wconf 87' lang='lat' dir='ltr'>de</span> <span class='ocrx_word' id='word_1_482' title='bbox 1205 1679 1380 1715; x_wconf 82' lang='lat' dir='ltr'>humanae</span> <span class='ocrx_word' id='word_1_483' title='bbox 1403 1685 1547 1717; x_wconf 76' lang='lat' dir='ltr'>naturae</span> <span class='ocrx_word' id='word_1_484' title='bbox 1569 1680 1812 1727; x_wconf 87' lang='lat' dir='ltr'>exaltatione,</span> 
     </span>
     <span class='ocr_line' id='line_1_89' title="bbox 1036 1725 1812 1772; baseline 0.006 -12"><span class='ocrx_word' id='word_1_485' title='bbox 1036 1730 1071 1761; x_wconf 89' lang='lat' dir='ltr'>et</span> <span class='ocrx_word' id='word_1_486' title='bbox 1082 1725 1127 1761; x_wconf 90' lang='lat' dir='ltr'>de</span> <span class='ocrx_word' id='word_1_487' title='bbox 1137 1728 1239 1762; x_wconf 87' lang='lat' dir='ltr'>certa</span> <span class='ocrx_word' id='word_1_488' title='bbox 1248 1735 1312 1772; x_wconf 86' lang='lat' dir='ltr'>spe</span> <span class='ocrx_word' id='word_1_489' title='bbox 1324 1727 1510 1770; x_wconf 76' lang='lat' dir='ltr'>generalis</span> <span class='ocrx_word' id='word_1_490' title='bbox 1522 1728 1812 1765; x_wconf 88' lang='lat' dir='ltr'>resurrectionis</span> 
     </span>
    </p>
   </div>
   <div class='ocr_carea' id='block_1_5' title="bbox 1015 1773 1813 1822">
    <p class='ocr_par' dir='ltr' id='par_1_6' title="bbox 1015 1773 1813 1822">
     <span class='ocr_line' id='line_1_90' title="bbox 1015 1773 1813 1822; baseline 0.008 -15"><span class='ocrx_word' id='word_1_491' title='bbox 1015 1777 1019 1781; x_wconf 66' lang='lat'><strong>⁴</strong></span> <span class='ocrx_word' id='word_1_492' title='bbox 1035 1776 1071 1808; x_wconf 91' lang='lat' dir='ltr'>et</span> <span class='ocrx_word' id='word_1_493' title='bbox 1085 1773 1312 1809; x_wconf 75' lang='lat' dir='ltr'>ascensionis</span> <span class='ocrx_word' id='word_1_494' title='bbox 1327 1774 1477 1811; x_wconf 66' lang='lat' dir='ltr'>futurae.</span> <span class='ocrx_word' id='word_1_495' title='bbox 1493 1776 1541 1810; x_wconf 84' lang='lat' dir='ltr'>Ex</span> <span class='ocrx_word' id='word_1_496' title='bbox 1554 1786 1626 1822; x_wconf 90' lang='lat' dir='ltr'>quo</span> <span class='ocrx_word' id='word_1_497' title='bbox 1639 1775 1740 1812; x_wconf 89' lang='lat' dir='ltr'>enim</span> <span class='ocrx_word' id='word_1_498' title='bbox 1755 1787 1813 1813; x_wconf 86' lang='lat' dir='ltr'>ca-</span> 
     </span>
    </p>
   </div>
   <div class='ocr_carea' id='block_1_6' title="bbox 1025 1823 1855 2868">
    <p class='ocr_par' dir='ltr' id='par_1_7' title="bbox 1025 1823 1855 2868">
     <span class='ocr_line' id='line_1_91' title="bbox 1035 1823 1811 1868; baseline 0.006 -13"><span class='ocrx_word' id='word_1_499' title='bbox 1035 1823 1101 1866; x_wconf 89' lang='lat' dir='ltr'>put</span> <span class='ocrx_word' id='word_1_500' title='bbox 1121 1825 1380 1857; x_wconf 85' lang='lat' dir='ltr'>resurrexerat</span> <span class='ocrx_word' id='word_1_501' title='bbox 1395 1826 1431 1858; x_wconf 88' lang='lat' dir='ltr'>et</span> <span class='ocrx_word' id='word_1_502' title='bbox 1453 1823 1690 1868; x_wconf 89' lang='lat' dir='ltr'>ascenderat,</span> <span class='ocrx_word' id='word_1_503' title='bbox 1710 1823 1811 1860; x_wconf 84' lang='lat' dir='ltr'>idem</span> 
     </span>
     <span class='ocr_line' id='line_1_92' title="bbox 1036 1867 1811 1918; baseline 0.008 -16"><span class='ocrx_word' id='word_1_504' title='bbox 1036 1870 1073 1903; x_wconf 84' lang='lat' dir='ltr'>et</span> <span class='ocrx_word' id='word_1_505' title='bbox 1090 1867 1135 1903; x_wconf 92' lang='lat' dir='ltr'>de</span> <span class='ocrx_word' id='word_1_506' title='bbox 1150 1868 1330 1905; x_wconf 90' lang='lat' dir='ltr'>membris</span> <span class='ocrx_word' id='word_1_507' title='bbox 1352 1880 1420 1916; x_wconf 90' lang='lat' dir='ltr'>pro</span> <span class='ocrx_word' id='word_1_508' title='bbox 1439 1876 1541 1906; x_wconf 89' lang='lat' dir='ltr'>certo</span> <span class='ocrx_word' id='word_1_509' title='bbox 1563 1881 1716 1917; x_wconf 87' lang='lat' dir='ltr'>sperare</span> <span class='ocrx_word' id='word_1_510' title='bbox 1730 1874 1811 1918; x_wconf 87' lang='lat' dir='ltr'>pot-</span> 
     </span>
     <span class='ocr_line' id='line_1_93' title="bbox 1036 1916 1811 1965; baseline 0.006 -15"><span class='ocrx_word' id='word_1_511' title='bbox 1036 1918 1157 1951; x_wconf 86' lang='lat' dir='ltr'>erant.</span> <span class='ocrx_word' id='word_1_512' title='bbox 1184 1916 1286 1951; x_wconf 85' lang='lat' dir='ltr'>Hanc</span> <span class='ocrx_word' id='word_1_513' title='bbox 1314 1922 1441 1953; x_wconf 89' lang='lat' dir='ltr'>autem</span> <span class='ocrx_word' id='word_1_514' title='bbox 1467 1917 1639 1954; x_wconf 91' lang='lat' dir='ltr'>ultimam</span> <span class='ocrx_word' id='word_1_515' title='bbox 1662 1929 1811 1965; x_wconf 85' lang='lat' dir='ltr'>proces-</span> 
     </span>
     <span class='ocr_line' id='line_1_94' title="bbox 1035 1961 1813 2013; baseline 0.006 -16"><span class='ocrx_word' id='word_1_516' title='bbox 1035 1961 1178 1998; x_wconf 89' lang='lat' dir='ltr'>sionem</span> <span class='ocrx_word' id='word_1_517' title='bbox 1199 1962 1468 2009; x_wconf 84' lang='lat' dir='ltr'>discipulorum</span> <span class='ocrx_word' id='word_1_518' title='bbox 1491 1971 1573 2010; x_wconf 81' lang='lat' dir='ltr'>post</span> <span class='ocrx_word' id='word_1_519' title='bbox 1589 1967 1733 2011; x_wconf 89' lang='lat' dir='ltr'>Jesum,</span> <span class='ocrx_word' id='word_1_520' title='bbox 1750 1965 1813 2013; x_wconf 89' lang='lat' dir='ltr'>qui</span> 
     </span>
     <span class='ocr_line' id='line_1_95' title="bbox 1035 2009 1814 2060; baseline 0.009 -16"><span class='ocrx_word' id='word_1_521' title='bbox 1035 2009 1267 2046; x_wconf 87' lang='lat' dir='ltr'>unanimiter</span> <span class='ocrx_word' id='word_1_522' title='bbox 1287 2014 1372 2047; x_wconf 90' lang='lat' dir='ltr'>sunt</span> <span class='ocrx_word' id='word_1_523' title='bbox 1403 2011 1544 2058; x_wconf 84' lang='lat' dir='ltr'>egressi</span> <span class='ocrx_word' id='word_1_524' title='bbox 1571 2017 1607 2049; x_wconf 91' lang='lat' dir='ltr'>et</span> <span class='ocrx_word' id='word_1_525' title='bbox 1625 2017 1756 2060; x_wconf 84' lang='lat' dir='ltr'>postea</span> <span class='ocrx_word' id='word_1_526' title='bbox 1775 2025 1814 2051; x_wconf 93' lang='lat' dir='ltr'>u-</span> 
     </span>
     <span class='ocr_line' id='line_1_96' title="bbox 1036 2057 1815 2108; baseline 0.006 -16"><span class='ocrx_word' id='word_1_527' title='bbox 1036 2057 1239 2093; x_wconf 90' lang='lat' dir='ltr'>nanimiter</span> <span class='ocrx_word' id='word_1_528' title='bbox 1259 2060 1345 2094; x_wconf 91' lang='lat' dir='ltr'>sunt</span> <span class='ocrx_word' id='word_1_529' title='bbox 1364 2059 1538 2107; x_wconf 65' lang='lat' dir='ltr'>regressi,</span> <span class='ocrx_word' id='word_1_530' title='bbox 1562 2064 1815 2108; x_wconf 63' lang='lat' dir='ltr'>repraesentat</span> 
     </span>
     <span class='ocr_line' id='line_1_97' title="bbox 1036 2104 1814 2155; baseline 0.008 -16"><span class='ocrx_word' id='word_1_531' title='bbox 1036 2104 1214 2149; x_wconf 87' lang='lat' dir='ltr'>Ecclesia,</span> <span class='ocrx_word' id='word_1_532' title='bbox 1229 2105 1436 2142; x_wconf 85' lang='lat' dir='ltr'>Dominicis</span> <span class='ocrx_word' id='word_1_533' title='bbox 1453 2107 1600 2152; x_wconf 80' lang='lat' dir='ltr'>diebus,</span> <span class='ocrx_word' id='word_1_534' title='bbox 1612 2109 1814 2155; x_wconf 87' lang='lat' dir='ltr'>egredien-</span> 
     </span>
     <span class='ocr_line' id='line_1_98' title="bbox 1035 2151 1816 2201; baseline 0.008 -14"><span class='ocrx_word' id='word_1_535' title='bbox 1035 2151 1082 2187; x_wconf 91' lang='lat' dir='ltr'>do</span> <span class='ocrx_word' id='word_1_536' title='bbox 1106 2153 1149 2188; x_wconf 90' lang='lat' dir='ltr'>de</span> <span class='ocrx_word' id='word_1_537' title='bbox 1173 2153 1348 2197; x_wconf 88' lang='lat' dir='ltr'>ecclesia,</span> <span class='ocrx_word' id='word_1_538' title='bbox 1371 2159 1406 2190; x_wconf 88' lang='lat' dir='ltr'>et</span> <span class='ocrx_word' id='word_1_539' title='bbox 1426 2155 1620 2191; x_wconf 84' lang='lat' dir='ltr'>redeundo</span> <span class='ocrx_word' id='word_1_540' title='bbox 1642 2156 1690 2192; x_wconf 89' lang='lat' dir='ltr'>ad</span> <span class='ocrx_word' id='word_1_541' title='bbox 1712 2166 1816 2201; x_wconf 87' lang='lat' dir='ltr'>eam,</span> 
     </span>
     <span class='ocr_line' id='line_1_99' title="bbox 1036 2199 1817 2247; baseline 0.008 -12"><span class='ocrx_word' id='word_1_542' title='bbox 1036 2199 1143 2245; x_wconf 87' lang='lat' dir='ltr'>quasi</span> <span class='ocrx_word' id='word_1_543' title='bbox 1165 2200 1210 2236; x_wconf 91' lang='lat' dir='ltr'>de</span> <span class='ocrx_word' id='word_1_544' title='bbox 1233 2201 1460 2247; x_wconf 86' lang='lat' dir='ltr'>Jerusalem,</span> <span class='ocrx_word' id='word_1_545' title='bbox 1480 2202 1633 2239; x_wconf 86' lang='lat' dir='ltr'>rediens</span> <span class='ocrx_word' id='word_1_546' title='bbox 1653 2203 1692 2239; x_wconf 92' lang='lat' dir='ltr'>in</span> <span class='ocrx_word' id='word_1_547' title='bbox 1712 2205 1817 2241; x_wconf 86' lang='lat' dir='ltr'>Jeru-</span> 
     </span>
     <span class='ocr_line' id='line_1_100' title="bbox 1035 2246 1816 2296; baseline 0.008 -14"><span class='ocrx_word' id='word_1_548' title='bbox 1035 2246 1165 2283; x_wconf 88' lang='lat' dir='ltr'>salem.</span> <span class='ocrx_word' id='word_1_549' title='bbox 1191 2248 1296 2284; x_wconf 83' lang='lat' dir='ltr'>Unde</span> <span class='ocrx_word' id='word_1_550' title='bbox 1319 2248 1359 2284; x_wconf 93' lang='lat' dir='ltr'>in</span> <span class='ocrx_word' id='word_1_551' title='bbox 1380 2260 1422 2285; x_wconf 91' lang='lat' dir='ltr'>eo</span> <span class='ocrx_word' id='word_1_552' title='bbox 1451 2250 1549 2296; x_wconf 89' lang='lat' dir='ltr'>quod</span> <span class='ocrx_word' id='word_1_553' title='bbox 1580 2250 1627 2287; x_wconf 87' lang='lat' dir='ltr'>de</span> <span class='ocrx_word' id='word_1_554' title='bbox 1657 2250 1816 2288; x_wconf 85' lang='lat' dir='ltr'>ecclesia</span> 
     </span>
     <span class='ocr_line' id='line_1_101' title="bbox 1034 2295 1812 2345; baseline 0.008 -16"><span class='ocrx_word' id='word_1_555' title='bbox 1034 2295 1252 2341; x_wconf 87' lang='lat' dir='ltr'>egredimur</span> <span class='ocrx_word' id='word_1_556' title='bbox 1270 2306 1421 2333; x_wconf 89' lang='lat' dir='ltr'>crucem</span> <span class='ocrx_word' id='word_1_557' title='bbox 1436 2297 1587 2334; x_wconf 86' lang='lat' dir='ltr'>Domini</span> <span class='ocrx_word' id='word_1_558' title='bbox 1607 2298 1812 2345; x_wconf 84' lang='lat' dir='ltr'>praet&#39;eren-</span> 
     </span>
     <span class='ocr_line' id='line_1_102' title="bbox 1035 2342 1812 2392; baseline 0.009 -16"><span class='ocrx_word' id='word_1_559' title='bbox 1035 2342 1095 2385; x_wconf 75' lang='lat' dir='ltr'>dn,</span> <span class='ocrx_word' id='word_1_560' title='bbox 1118 2346 1435 2388; x_wconf 60' lang='lat' dir='ltr'>repraesentamus</span> <span class='ocrx_word' id='word_1_561' title='bbox 1469 2345 1569 2390; x_wconf 84' lang='lat' dir='ltr'>quod</span> <span class='ocrx_word' id='word_1_562' title='bbox 1596 2344 1649 2381; x_wconf 91' lang='lat' dir='ltr'>illi</span> <span class='ocrx_word' id='word_1_563' title='bbox 1669 2345 1812 2392; x_wconf 87' lang='lat' dir='ltr'>egressi</span> 
     </span>
     <span class='ocr_line' id='line_1_103' title="bbox 1032 2391 1810 2437; baseline 0.009 -13"><span class='ocrx_word' id='word_1_564' title='bbox 1032 2392 1131 2430; x_wconf 68' lang='lat' dir='ltr'>sunt,</span> <span class='ocrx_word' id='word_1_565' title='bbox 1151 2395 1346 2436; x_wconf 83' lang='lat' dir='ltr'>praeeunte</span> <span class='ocrx_word' id='word_1_566' title='bbox 1385 2391 1593 2437; x_wconf 83' lang='lat' dir='ltr'>Crurifixo;</span> <span class='ocrx_word' id='word_1_567' title='bbox 1616 2392 1655 2428; x_wconf 92' lang='lat' dir='ltr'>in</span> <span class='ocrx_word' id='word_1_568' title='bbox 1676 2404 1720 2430; x_wconf 91' lang='lat' dir='ltr'>eo</span> <span class='ocrx_word' id='word_1_569' title='bbox 1741 2404 1810 2430; x_wconf 91' lang='lat' dir='ltr'>au-</span> 
     </span>
     <span class='ocr_line' id='line_1_104' title="bbox 1031 2437 1806 2487; baseline 0.009 -17"><span class='ocrx_word' id='word_1_570' title='bbox 1031 2439 1106 2471; x_wconf 83' lang='lat' dir='ltr'>tem</span> <span class='ocrx_word' id='word_1_571' title='bbox 1122 2437 1221 2483; x_wconf 85' lang='lat' dir='ltr'>quod</span> <span class='ocrx_word' id='word_1_572' title='bbox 1238 2448 1322 2474; x_wconf 91' lang='lat' dir='ltr'>cum</span> <span class='ocrx_word' id='word_1_573' title='bbox 1337 2449 1444 2475; x_wconf 85' lang='lat' dir='ltr'>cruce</span> <span class='ocrx_word' id='word_1_574' title='bbox 1458 2439 1605 2476; x_wconf 90' lang='lat' dir='ltr'>Domini</span> <span class='ocrx_word' id='word_1_575' title='bbox 1625 2441 1806 2487; x_wconf 79' lang='lat' dir='ltr'>redimus,</span> 
     </span>
     <span class='ocr_line' id='line_1_105' title="bbox 1030 2482 1806 2534; baseline 0.009 -16"><span class='ocrx_word' id='word_1_576' title='bbox 1030 2482 1116 2519; x_wconf 81' lang='lat' dir='ltr'>licet</span> <span class='ocrx_word' id='word_1_577' title='bbox 1139 2485 1199 2520; x_wconf 86' lang='lat' dir='ltr'>ille</span> <span class='ocrx_word' id='word_1_578' title='bbox 1223 2484 1306 2521; x_wconf 91' lang='lat' dir='ltr'>sine</span> <span class='ocrx_word' id='word_1_579' title='bbox 1327 2485 1510 2523; x_wconf 77' lang='lat' dir='ltr'>Crucifixo</span> <span class='ocrx_word' id='word_1_580' title='bbox 1532 2487 1728 2534; x_wconf 87' lang='lat' dir='ltr'>redierint,</span> <span class='ocrx_word' id='word_1_581' title='bbox 1745 2499 1806 2525; x_wconf 88' lang='lat' dir='ltr'>re-</span> 
     </span>
     <span class='ocr_line' id='line_1_106' title="bbox 1030 2534 1804 2579; baseline 0.009 -14"><span class='ocrx_word' id='word_1_582' title='bbox 1030 2535 1312 2576; x_wconf 78' lang='lat' dir='ltr'>praesentamus,</span> <span class='ocrx_word' id='word_1_583' title='bbox 1343 2534 1444 2579; x_wconf 88' lang='lat' dir='ltr'>quod</span> <span class='ocrx_word' id='word_1_584' title='bbox 1469 2534 1521 2570; x_wconf 90' lang='lat' dir='ltr'>ait</span> <span class='ocrx_word' id='word_1_585' title='bbox 1544 2537 1660 2571; x_wconf 85' lang='lat' dir='ltr'>:Ecce</span> <span class='ocrx_word' id='word_1_586' title='bbox 1684 2536 1804 2572; x_wconf 80' lang='lat' dir='ltr'>vobis-</span> 
     </span>
     <span class='ocr_line' id='line_1_107' title="bbox 1031 2582 1803 2625; baseline 0.009 -12"><span class='ocrx_word' id='word_1_587' title='bbox 1031 2589 1110 2613; x_wconf 76' lang='lat' dir='ltr'>cum</span> <span class='ocrx_word' id='word_1_588' title='bbox 1140 2590 1218 2615; x_wconf 78' lang='lat' dir='ltr'>sum</span> <span class='ocrx_word' id='word_1_589' title='bbox 1244 2591 1358 2625; x_wconf 79' lang='lat' dir='ltr'>usque</span> <span class='ocrx_word' id='word_1_590' title='bbox 1382 2582 1432 2616; x_wconf 76' lang='lat' dir='ltr'>ad</span> <span class='ocrx_word' id='word_1_591' title='bbox 1465 2585 1803 2620; x_wconf 78' lang='lat' dir='ltr'>consummationem</span> 
     </span>
     <span class='ocr_line' id='line_1_108' title="bbox 1029 2627 1800 2672; baseline 0.009 -12"><span class='ocrx_word' id='word_1_592' title='bbox 1029 2627 1153 2667; x_wconf 65' lang='lat' dir='ltr'>seculi,</span> <span class='ocrx_word' id='word_1_593' title='bbox 1175 2628 1263 2672; x_wconf 81' lang='lat' dir='ltr'>quia</span> <span class='ocrx_word' id='word_1_594' title='bbox 1282 2628 1368 2664; x_wconf 90' lang='lat' dir='ltr'>licet</span> <span class='ocrx_word' id='word_1_595' title='bbox 1397 2639 1473 2664; x_wconf 88' lang='lat' dir='ltr'>non</span> <span class='ocrx_word' id='word_1_596' title='bbox 1500 2629 1654 2666; x_wconf 86' lang='lat' dir='ltr'>redierit</span> <span class='ocrx_word' id='word_1_597' title='bbox 1675 2631 1800 2668; x_wconf 86' lang='lat' dir='ltr'>Cruci-</span> 
     </span>
     <span class='ocr_line' id='line_1_109' title="bbox 1029 2672 1801 2724; baseline 0.009 -17"><span class='ocrx_word' id='word_1_598' title='bbox 1029 2672 1125 2709; x_wconf 83' lang='lat' dir='ltr'>fixus</span> <span class='ocrx_word' id='word_1_599' title='bbox 1158 2684 1239 2710; x_wconf 89' lang='lat' dir='ltr'>cum</span> <span class='ocrx_word' id='word_1_600' title='bbox 1275 2675 1326 2710; x_wconf 88' lang='lat' dir='ltr'>eis</span> <span class='ocrx_word' id='word_1_601' title='bbox 1355 2678 1558 2722; x_wconf 73' lang='lat' dir='ltr'>praesentia</span> <span class='ocrx_word' id='word_1_602' title='bbox 1592 2677 1801 2724; x_wconf 86' lang='lat' dir='ltr'>corporali,</span> 
     </span>
     <span class='ocr_line' id='line_1_110' title="bbox 1028 2719 1798 2772; baseline 0.012 -18"><span class='ocrx_word' id='word_1_603' title='bbox 1028 2719 1140 2755; x_wconf 86' lang='lat' dir='ltr'>rediit</span> <span class='ocrx_word' id='word_1_604' title='bbox 1170 2726 1297 2758; x_wconf 82' lang='lat' dir='ltr'>tamen</span> <span class='ocrx_word' id='word_1_605' title='bbox 1318 2733 1401 2759; x_wconf 91' lang='lat' dir='ltr'>cum</span> <span class='ocrx_word' id='word_1_606' title='bbox 1423 2723 1478 2760; x_wconf 89' lang='lat' dir='ltr'>eis</span> <span class='ocrx_word' id='word_1_607' title='bbox 1503 2725 1702 2770; x_wconf 80' lang='lat' dir='ltr'>praesentia</span> <span class='ocrx_word' id='word_1_608' title='bbox 1721 2724 1798 2772; x_wconf 82' lang='lat' dir='ltr'>spi-</span> 
     </span>
     <span class='ocr_line' id='line_1_111' title="bbox 1027 2767 1801 2815; baseline 0.012 -13"><span class='ocrx_word' id='word_1_609' title='bbox 1027 2767 1166 2805; x_wconf 86' lang='lat' dir='ltr'>rituali.</span> <span class='ocrx_word' id='word_1_610' title='bbox 1188 2769 1230 2804; x_wconf 92' lang='lat' dir='ltr'>In</span> <span class='ocrx_word' id='word_1_611' title='bbox 1260 2769 1448 2815; x_wconf 85' lang='lat' dir='ltr'>primitiva</span> <span class='ocrx_word' id='word_1_612' title='bbox 1482 2774 1608 2808; x_wconf 85' lang='lat' dir='ltr'>autem</span> <span class='ocrx_word' id='word_1_613' title='bbox 1634 2771 1801 2811; x_wconf 83' lang='lat' dir='ltr'>Ecclesia</span> 
     </span>
     <span class='ocr_line' id='line_1_112' title="bbox 1025 2814 1855 2868; baseline 0.011 -18"><span class='ocrx_word' id='word_1_614' title='bbox 1025 2814 1242 2862; x_wconf 88' lang='lat' dir='ltr'>hujusmodi</span> <span class='ocrx_word' id='word_1_615' title='bbox 1254 2818 1801 2868; x_wconf 84' lang='lat' dir='ltr'>repraesentatiofiebatquinta</span> <span class='ocrx_word' id='word_1_616' title='bbox 1846 2846 1855 2849; x_wconf 92' lang='lat'>-</span> 
     </span>
    </p>
   </div>
  </div>
 </body>
</html>
