1924 3157
269 153 323 188 DE
360 152 533 187 sculpi
573 152 804 193 EVANGEL„

121 226 197 262 tem
218 233 341 268 suam,
356 224 428 260 hoe
446 227 570 261 autem
591 227 673 261 est:
692 223 901 270 redemptio

119 271 157 308 in
179 272 320 316 anima,
343 282 426 318 quse
447 273 633 318 completa
659 275 716 307 est
739 282 805 318 per
825 273 899 307 t'ra-

119 322 262 356 cturam
288 319 439 363 int'crni,
463 319 500 355 in
521 321 704 356 descensu
731 319 778 354 ad
806 319 900 354 inte·

117 376 202 412 ros,
233 370 270 402 et
302 367 510 412 redemptio
549 369 584 402 in
622 377 795 412 corpore,
818 376 901 412 qua:

117 415 304 461 completa
343 420 399 450 est
432 415 471 450 in
508 413 812 458 ltesurrectione,
838 424 902 458 per

116 461 277 507 gloriam
299 463 466 508 eorporis
479 462 549 498 sui.
572 482 608 487 ›-
634 462 781 505 Sextus,
802 471 904 497 eum-

117 510 203 545 dem
235 509 448 546 ascendisse
481 509 528 545 ad
557 509 680 545 Patris
705 508 901 554 aequalita-

118 559 207 600 tem,
236 556 299 603 qui
335 560 487 593 notatur
512 556 563 593 ibi
600 566 608 592 ε
642 556 820 592 Ascendit
854 556 904 591 ad

118 604 236 647 coelos,
264 603 407 639 scilicet
439 603 477 639 in
511 607 692 650 quantum
725 604 838 638 homo
867 606 903 638 ct

115 651 323 687 secundum
346 650 636 696 humanitatem,
657 649 744 697 quia
763 649 903 696 ubique

114 701 171 734 est
197 698 406 735 secundum
433 697 687 741 divinitatem;
716 698 824 735 Sedet
854 698 905 734 ad

114 745 302 781 defeceram
341 747 408 781 Dei
451 747 574 781 Patris
611 747 867 790 omnipotentis
889 774 898 787 ‚

114 801 352 839 conregnans
381 792 482 829 Patri
514 793 553 829 in
580 792 811 839 aequalitate,
833 803 899 828 se—

113 841 278 877 cundum
305 840 497 886 deitatem,
528 843 565 876 et
598 843 724 877 truens
747 839 897 886 potissi-

111 888 182 924 mis
208 888 317 925 bonis
339 887 473 932 Patris,
495 888 700 924 secundum
719 887 895 924 humani-

110 936 251 981 tatem;
288 935 439 982 pacitiee
472 935 671 981 gloriatur,
701 938 738 972 et
767 935 896 972 omnia

110 982 237 1029 quiete
257 993 340 1020 cum
364 985 474 1020 Patre
491 983 636 1029 judicat
655 986 690 1019 et
712 983 892 1028 disponit.

108 1049 155 1057 —
176 1031 378 1078 Septimus,
402 1031 535 1067 Filium
553 1030 615 1066 lici
630 1030 893 1077 judicaturum

108 1078 228 1116 bonos
247 1082 283 1115 et
301 1078 432 1122 malos,
454 1077 517 1124 qui
538 1082 691 1114 notatur
710 1077 761 1115 ibi
783 1079 893 1114 :Inde

106 1130 280 1163 venturus
298 1126 529 1172 estjzidz‘care
548 1128 648 1162 vivos
665 1129 699 1161 et
716 1129 889 1162 mortuos.

104 1175 206 1218 Inde,
225 1173 264 1210 id
286 1179 342 1210 est
368 1174 624 1220 postmodum;
645 1173 703 1209 vel
731 1174 829 1218 inde,
855 1174 891 1210 id

107 1225 164 1259 est
183 1221 230 1258 de
252 1221 370 1265 coelis,
399 1232 494 1267 qnos
520 1220 693 1258 ascendit
712 1225 892 1258 venturus

106 1269 147 1306 in
167 1269 228 1306 die
254 1268 386 1316 judicii
403 1269 576 1315 Judicare
604 1268 708 1305 vivos
731 1271 768 1305 et
788 1279 889 1305 mor-

107 1320 211 1362 tuos;
234 1317 282 1353 ad
311 1317 490 1361 litteram,
514 1317 600 1362 quia
633 1318 723 1353 tune
758 1316 831 1352 vivi
854 1320 890 1353 et

107 1364 247 1402 mortui
266 1364 506 1411 reperiuntur
521 1363 740 1411 J'udicandi;
762 1363 817 1399 illi
833 1366 889 1400 ta-

107 1423 194 1449 men
230 1411 305 1448 vivi
337 1411 564 1458 morientur,
590 1413 653 1448 sed
688 1411 815 1448 statim
852 1411 888 1447 in

106 1465 298 1496 momento
335 1464 549 1506 resurgent,
584 1459 765 1506 judicium
805 1469 889 1496 cum

105 1507 339 1545 resuscitatis
360 1507 560 1553 recepturi.

152 1558 173 1591 6
197 1558 451 1591 Auricumnun
476 1565 708 1591 CONmToRES.
750 1576 792 1580 —-
824 1554 888 1591 Isti

105 1602 392 1650 quatuordecim
413 1602 561 1639 articuli
584 1602 814 1649 colliguntur
842 1602 887 1639 de

104 1650 290 1698 symbolo,
313 1651 411 1696 quod
434 1649 602 1696 Apostoli
618 1649 884 1687 condiderunt.

102 1698 311 1734 Articulum
339 1696 503 1744 primum
536 1701 572 1733 et
606 1697 812 1734 secundum
838 1698 885 1734 de

103 1745 328 1790 divinitate,
370 1744 496 1791 posuit
531 1746 679 1790 Petrus,
716 1745 886 1782 Andreas

101 1793 269 1835 tertium,
293 1792 591 1830 Bartholomaeus
617 1795 807 1839 quartum,
829 1793 884 1829 Si-

102 1851 191 1878 mon
232 1840 404 1888 quintum
431 1869 440 1885 ,
480 1840 689 1877 'l'hacldaeus
725 1844 884 1886 sextum,

102 1888 263 1926 Mathias
294 1887 508 1935 septimum.
532 1890 624 1924 Item
658 1889 819 1934 primum
849 1891 886 1924 et

102 1937 308 1974 secundum
323 1935 522 1973 articulum
539 1937 584 1972 de
599 1935 738 1972 Christi
756 1937 885 1973 huma-

99 1986 230 2027 nitate,
252 1984 378 2031 posuit
393 1985 554 2020 Jacohus
574 1984 704 2030 Major,
720 1985 884 2021 Joannes

100 2031 268 2077 tertium,
290 2032 453 2067 Thomas
475 2033 665 2076 quai-tum,
688 2032 885 2068 Matthaeus

101 2078 466 2134 quintum,Jacobus
486 2081 605 2115 Minor
623 2083 781 2123 sextum,
802 2079 886 2115 Phi-

99 2127 220 2175 lippus
241 2127 454 2174 septimum.
476 2125 512 2163 Si
531 2129 655 2163 autem
676 2130 881 2174 quaeratur,

101 2185 147 2212 an
161 2179 359 2212 teneamur
373 2174 501 2220 aliqua
515 2174 682 2219 credere,
702 2184 786 2220 quae
807 2186 881 2211 non

100 2226 186 2260 sunt
203 2222 374 2260 articuli?
389 2221 591 2258 dicendum
610 2225 678 2261 est,
695 2223 795 2268 quod
815 2222 878 2260 sie.

100 2270 255 2318 Oportet
274 2271 371 2306 enim
397 2269 520 2315 nobis,
537 2269 584 2305 ad
604 2270 775 2315 salutem,
799 2281 880 2307 cre-

99 2318 187 2354 dere
203 2319 294 2362 Deo,
313 2317 415 2364 quod
436 2321 491 2353 est
511 2317 664 2354 credere
686 2317 812 2355 verbis
833 2317 878 2354 il-

99 2365 170 2402 lius
194 2368 231 2402 et
253 2366 376 2402 Sacrae
398 2363 612 2411 Scripturae.

146 2428 164 2460 7
187 2413 360 2457 Qum-uon
399 2413 722 2450 Evmofflsmnom
760 2424 880 2450 nmm-

99 2471 250 2505 nexus,
287 2471 523 2496 mrsxrioxes
562 2471 604 2496 ET
644 2472 794 2498 riounAE.
836 2482 880 2488 --

101 2510 199 2545 Sane
222 2510 276 2544 est
310 2507 410 2544 circa
442 2508 513 2544 hoe
539 2507 750 2555 sciendum,
781 2509 881 2555 quod

101 2565 185 2603 pars
205 2554 341 2591 divinae
366 2555 582 2602 Scripturae,
598 2567 681 2603 quae
699 2560 756 2593 est
775 2557 880 2593 testi-

103 2602 276 2640 monialis
299 2607 334 2639 et
359 2602 597 2657 Evangelii-a,
629 2603 666 2640 in
696 2604 879 2641 librorum

100 2650 345 2697 quaternario
373 2654 589 2687 continetur
621 2663 630 2687 ε
661 2654 744 2688 sunt
778 2651 879 2688 enim

101 2701 263 2744 quatuor
296 2698 559 2745 Evangelistoe,
586 2699 689 2746 quasi
717 2704 881 2746 quatuor

101 2748 229 2791 testes,
250 2746 349 2792 quod
378 2746 490 2782 homo
509 2746 571 2782 ille
597 2746 658 2792 qui
684 2747 803 2783 dictus
824 2749 881 2783 est

102 2793 224 2839 Jesus,
243 2792 313 2829 fuit
332 2793 502 2830 Christus
533 2793 569 2829 in
605 2795 698 2841 Lege
719 2794 877 2841 promis-

846 154 894 186 AC
933 153 1054 187 FlhEl
1095 153 1196 186 FlNF.
1239 153 1286 186 ET
1325 151 1582 185 UlelTATE.

1703 150 1764 183 ε263

978 233 1052 266 sus,
1088 224 1164 258 Rex
1195 225 1233 258 et
1268 221 1449 259 Dominus
1473 220 1657 266 omnium,
1681 221 1760 257 Sal-

975 274 1083 306 vator
1103 271 1340 306 hominumet
1356 269 1469 306 Filius
1485 269 1562 305 Dei.
1586 268 1762 305 Dividun-

976 321 1037 353 tnr
1058 328 1147 363 ergo
1169 317 1265 353 inter
1287 328 1325 353 se
1347 317 1431 353 liin-i
1457 321 1618 363 quatuor
1639 318 1759 352 Evan-

977 366 1212 410 gelistnruin,
1246 366 1333 408 qnia
1367 366 1563 401 Matthaeus
1596 363 1760 400 intendit

976 411 1757 459 principaliterdeclarareillumhomincm

977 460 1093 496 fuisse
1114 459 1319 504 Christum,
1339 464 1377 494 et
1404 461 1486 496 ideo
1518 461 1553 494 in
1576 458 1759 506 principib

979 508 1108 543 dicens
1129 522 1136 543 :
1156 506 1264 542 Liber
1283 509 1527 550 generationis
1552 509 1636 543 Jesu
1660 508 1762 544 Chri-

976 557 1038 597 sti,
1068 565 1142 591 uon
1173 554 1356 600 expressit
1382 553 1463 590 Filii
1492 554 1572 599 Dei,
1600 553 1666 590 sed
1688 555 1761 600 filii

976 603 1111 646 Dauid,
1131 603 1202 648 filii
1216 601 1421 642 Abraham,
1441 604 1561 646 ete...‚
1578 606 1615 638 et
1636 600 1674 637 iu
1699 612 1759 638 se-

978 650 1180 696 quentibus
1217 648 1372 686 subdit:
1397 649 1588 686 Genoraiio
1623 649 1761 686 Christi

976 699 1029 733 sie
1043 701 1134 734 erat.
1151 696 1243 733 Hine
1260 700 1330 741 est,
1344 696 1443 742 quod
1457 696 1580 743 figura
1595 696 1759 733 hominis

976 744 1075 781 inter
1110 748 1271 791 quatuor
1293 744 1473 781 animalia
1499 743 1758 785 Evamelistas

975 792 1299 838 repraesentantia,
1328 791 1500 837 designat
1525 791 1756 831 Matthaeum,

973 841 1061 885 quia
1081 839 1242 877 maxime
1265 839 1489 876 immoratur
1514 837 1614 875 circa
1634 839 1755 875 l10mi÷

971 897 1057 923 nem
1096 888 1284 924 Christum
1302 899 1311 931 3
1350 886 1584 923 ostendendo
1626 887 1754 922 Jesuni

971 934 1085 971 fuisse
1106 935 1224 979 illum,
1248 946 1310 981 qui
1338 933 1547 981 promissus
1574 933 1696 970 suerat
1716 933 1755 969 in

970 984 1049 1019 tota
1076 982 1173 1019 serie
1195 983 1489 1029 Scripturarum.
1520 981 1624 1017 Unde
1648 982 1755 1027 quasi

969 1029 1016 1065 de
1048 1030 1202 1067 homine
1239 1041 1391 1066 exorsus
1413 1032 1469 1065 est
1492 1028 1672 1073 scrihere,
1694 1028 1755 1065 di-

969 1088 1056 1113 cens
1077 1089 1084 1113 :
1108 1078 1216 1113 Liber
1232 1079 1478 1124 yenerationis
1496 1078 1581 1112 Jesu
1601 1077 1753 1121 Christi,

968 1128 1038 1161 ete.
1063 1145 1107 1151 -
1130 1126 1279 1161 Marcus
1296 1135 1401 1169 vero,
1423 1123 1684 1170 principaliter
1701 1125 1755 1159 in-

966 1171 1089 1208 tendit
1109 1172 1318 1216 declarare,
1334 1172 1440 1208 illum
1453 1171 1649 1207 hominem
1664 1172 1753 1208 suis-

967 1230 1006 1256 se
1028 1220 1168 1265 Regem
1196 1223 1233 1256 et
1250 1219 1451 1256 Dominum
1471 1219 1657 1265 omnium,
1679 1219 1751 1255 sie-

967 1267 1058 1303 utin
1077 1268 1265 1314 Propheta
1283 1268 1438 1304 Daniele
1455 1267 1584 1312 habet,
1601 1267 1753 1313 quodin

965 1316 1092 1351 diebus
1124 1319 1282 1361 quatuor
1323 1325 1516 1360 reynerum
1556 1315 1753 1351 suscitabit

964 1364 1058 1399 Deus
1070 1365 1149 1399 eceli
1161 1374 1314 1408 reanum
1331 1362 1521 1410 quintum,
1535 1363 1632 1408 quod
1646 1364 1684 1399 in
1701 1373 1750 1399 ae-

965 1414 1105 1446 ternum
1120 1422 1191 1447 non
1205 1412 1452 1457 dissipabitur
1456 1437 1526 1447 .....
1541 1411 1637 1454 Quia
1651 1413 1751 1456 pote-

963 1461 1041 1494 stas
1079 1460 1158 1503 ejvs
1183 1462 1344 1504 potestas
1379 1460 1613 1505 sempiterna.
1654 1457 1749 1494 Hinc

963 1509 1021 1542 est
1047 1506 1145 1552 quod
1177 1508 1323 1543 Marcus
1343 1506 1563 1551 designatur
1582 1515 1651 1552 per
1667 1505 1748 1542 leo-

964 1564 1066 1599 nem,
1089 1552 1154 1599 ‹1ui
1175 1559 1232 1590 est
1255 1565 1319 1590 rex
1334 1558 1371 1590 et
1391 1553 1566 1590 dominus
1585 1552 1745 1589 aliorum

961 1601 1200 1647 animalium,
1221 1602 1322 1638 unde
1341 1601 1431 1638 etin
1448 1612 1492 1638 eo
1507 1600 1658 1638 auditur
1675 1611 1747 1638 υοω

960 1648 1081 1685 leonis
1094 1652 1132 1685 in
1154 1650 1292 1686 deserto
1312 1649 1510 1695 rugientis,
1529 1653 1567 1686 et
1587 1649 1745 1685 claman-

961 1699 1022 1742 tis,
1043 1701 1113 1734 ete.
1134 1697 1226 1733 Hine
1244 1700 1302 1734 est
1322 1697 1450 1742 etiam,
1468 1697 1567 1743 quod
1585 1695 1745 1734 maxime

961 1743 1061 1780 circa
1089 1746 1275 1781 miracula
1299 1745 1539 1789 immoratur,
1575 1747 1612 1780 et
1646 1744 1746 1781 eirca

961 1793 1316 1837 Resurrectionem3
1340 1796 1376 1828 et
1406 1802 1541 1839 parum
1573 1792 1677 1837 ponit
1698 1792 1745 1829 de

960 1839 1132 1876 doctrina
1169 1839 1322 1885 Christi,
1361 1840 1450 1886 quia
1486 1839 1746 1886 principaliter

958 1886 1121 1923 intendit
1134 1890 1359 1934 potestatem
1373 1888 1454 1934 eJ'us
1467 1891 1503 1924 et
1518 1887 1743 1932 dominium,

960 1939 1073 1982 atque
1095 1935 1272 1972 virtutem
1292 1935 1492 1982 explicare,
1515 1945 1600 1981 quae
1613 1934 1651 1971 in
1672 1936 1742 1972 Re-

959 1983 1193 2020 surrectione
1210 1988 1248 2020 et
1271 1982 1463 2020 miraculis
1484 1982 1646 2020 maxime
1669 1983 1744 2019 elu-

959 2035 1128 2068 cescunt.
1149 2051 1194 2058 —
1216 2032 1335 2068 Lucas
1356 2041 1446 2067 vero
1461 2030 1623 2067 intendit
1644 2031 1743 2076 prin-

959 2078 1130 2125 cipaliter
1168 2079 1377 2123 declarare,
1412 2079 1517 2115 illum
1546 2077 1741 2115 hominem

957 2126 1071 2162 fnisse
1102 2126 1336 2163 salvatorem
1357 2126 1570 2171 hominum,
1598 2130 1636 2162 et
1655 2126 1740 2163 ideo

956 2173 994 2210 in
1015 2173 1202 2220 principio
1226 2173 1432 2211 introducit
1453 2173 1665 2211 Gabrielem
1682 2173 1739 2210 di-

956 2225 1127 2258 centem:
1150 2222 1305 2258 Vocabis
1317 2222 1530 2267 nomenejus
1540 2223 1737 2267 Jesum‚..,.

954 2271 1032 2317 ipse
1051 2271 1145 2305 enim
1163 2270 1304 2306 salvum
1316 2271 1431 2314 faciet
1445 2270 1621 2316 populum
1635 2279 1740 2306 suum

955 2328 978 2353 a
995 2318 1152 2364 peccatis
1174 2327 1319 2361 eomm;
1341 2320 1378 2354 et
1401 2317 1440 2353 in
1458 2316 1621 2354 secundo
1639 2317 1739 2363 eapi-

955 2365 1033 2402 tulo
1053 2364 1179 2401 subdit
1198 2365 1355 2401 verbum
1380 2364 1514 2411 Angeli
1535 2365 1581 2401 ad
1608 2369 1735 2411 pasto-

956 2424 1016 2449 res
1036 2424 1044 2448 :
1068 2415 1186 2450 Natus
1210 2415 1262 2448 cst
1287 2413 1388 2448 vobis
1412 2413 1518 2448 hodie
1551 2413 1738 2458 Salvator,

956 2462 994 2496 in
1016 2463 1163 2496 civitate
1180 2460 1313 2496 David.
1338 2459 1431 2497 Hinc
1449 2462 1520 2505 est,
1543 2459 1644 2506 quod
1663 2469 1741 2496 ma—

955 2509 1052 2544 xime
1075 2507 1298 2544 immoratur
1331 2507 1432 2544 circa
1459 2510 1564 2554 gesta
1585 2510 1621 2544 et
1642 2507 1739 2544 faeta

956 2555 1092 2592 Christi
1130 2566 1213 2601 quae
1233 2559 1371 2592 sonant
1389 2555 1425 2592 in
1448 2554 1685 2591 clementiam
1704 2559 1739 2591 et

956 2603 1129 2647 salutem,
1155 2606 1191 2638 et
1219 2602 1258 2638 in
1279 2602 1540 2640 remissionem
1562 2605 1737 2650 peccato-

956 2660 1051 2687 rum.
1071 2651 1113 2686 Et
1132 2653 1286 2697 propter
1299 2652 1369 2687 hoc
1388 2650 1426 2687 in
1441 2650 1637 2687 referendo
1654 2651 1740 2686 Pas-

956 2698 1115 2742 sionem,
1133 2697 1294 2735 maxime
1315 2698 1640 2746 explicavitverba
1659 2697 1739 2733 dul-

955 2745 1011 2781 cia
1033 2748 1067 2781 et
1087 2745 1287 2782 clementia
1306 2745 1458 2789 Christi,
1481 2748 1518 2781 ut
1540 2748 1592 2781 est
1612 2744 1702 2780 illud
1728 2755 1733 2780 τ

956 2796 1074 2833 Pater,
1104 2793 1247 2829 dimitte
1282 2795 1346 2840 eis,
1381 2804 1449 2829 non
1486 2795 1577 2828 enim
1616 2793 1734 2827 sciunt
