1924 3157
747 216 796 249 ΕΤ
835 214 1126 248 NUMERORUM.

143 290 165 324 5
185 289 311 324 Jesum
327 286 521 333 suscipere
537 286 678 323 volenti
693 295 784 333 qua·
1031 292 1183 320 orarum
1206 281 1486 329 scripturarum
1505 283 1641 332 aperit.

168 336 255 371 tuor
271 333 505 371 necessaria.
835 335 901 370 215
986 345 1022 369 11
1047 331 1120 368 Cur
1157 330 1204 366 ab
1242 331 1477 377 Jerosolyma
1517 334 1640 380 eoepta

146 385 168 427 4
187 383 260 419 Cur
279 382 459 418 Dominus
473 379 609 418 dixerit
625 380 785 428 discipu·
1030 377 1215 423 evangelii
1242 378 1491 424 praedicatio?

171 429 215 466 lis
239 441 247 466 :
270 431 344 466 l'ax
358 429 497 465 vohis?
834 431 900 466 215
988 439 1026 463 12
1050 425 1325 478 Discipulorum
1361 427 1541 473 gaudium
1577 437 1644 474 pa-

145 481 165 514 5
187 479 260 514 Cur
281 478 327 514 de
351 475 643 513 Resurrectione
669 474 780 512 dubi-
1029 473 1160 526 cisque
1181 473 1400 518 geminatio.

168 529 247 561 tare
278 524 452 572 permissi
481 523 652 560 suerint?
834 527 901 567 214
986 524 1026 558 15
1046 521 1173 557 Missm
1190 521 1458 565 Apostolorum
1474 525 1511 558 et
1531 521 1644 569 Spiri-

143 575 164 609 6
185 573 359 619 Quinque
381 573 426 608 (le
448 571 584 618 quibus
614 580 682 607 nos
700 572 782 606 ten-
1028 572 1089 605 tus
1109 567 1235 605 Sancti
1257 568 1479 605 insufflatio.

165 623 220 656 tat
240 619 427 656 diabolus.
834 622 900 663 214
986 620 1025 661 14
1047 615 1277 652 Remittendi
1299 619 1451 661 peccata
1474 618 1642 664 potestas

141 683 160 715 7
181 668 255 705 Cur
270 666 501 714 palpabilem
519 675 558 702 se
578 664 782 712 praebuerit
1027 662 1216 710 Apostolis
1238 673 1432 700 concessa.

164 714 379 751 Dominus?
829 717 897 750 215
985 714 1025 750 15
1047 711 1134 748 Tria
1163 709 1300 747 animae
1333 710 1524 748 Christum
1561 722 1643 748 sus-

141 765 163 799 8
184 762 320 799 Oblata
358 760 519 798 Domino
565 761 613 797 ad
654 771 779 798 come·
1030 759 1154 807 cipere
1179 757 1321 795 volenti
1344 758 1580 803 necessaria,
1605 761 1643 796 et

163 810 329 847 dendum
365 809 404 846 in
435 819 547 846 sensu
566 808 722 846 litterali
744 811 781 846 et
1028 808 1195 855 quinque
1222 805 1264 843 in
1294 815 1339 843 ea
1363 806 1516 854 abipso
1551 815 1641 854 ope-

161 857 333 905 mystico.
830 859 897 894 215
1027 858 1124 892 rata.

139 921 160 954 9
191 905 422 944 Certiticatio
473 903 779 942 Resurrectionis
983 907 1023 941 16
1043 903 1257 940 Recedente
1277 900 1454 948 Domino,
1474 902 1641 939 Thomas

162 964 231 1001 per
261 953 395 997 visum,
423 962 492 1000 per
522 956 678 997 tactum,
711 963 779 1000 per
1026 950 1193 988 advenit.

162 1003 316 1048 gustum
339 1004 377 1037 et
397 1010 466 1047 per
485 1001 670 1037 auditum.
830 1003 896 1037 216
982 1013 1020 1047 17
1041 998 1318 1045 Recapitulatio
1361 996 1641 1048 apparitionum

122 1065 162 1088 ιο
175 1050 344 1088 Christus
353 1047 549 1096 discipulis
561 1059 712 1086 sensum
721 1050 780 1087 Sa·
1025 1045 1100 1084 diei
1119 1048 1287 1085 Paschae.

210 1160 361 1198 CAPUT
391 1162 580 1199 LXXVIII.
602 1181 648 1187 —
668 1161 853 1206 Quomodo
877 1161 1054 1198 Dominus
1073 1161 1252 1207 apparuit
1271 1159 1469 1207 discipulis
1492 1158 1664 1205 inclusis,

760 1210 896 1246 Thoma
921 1211 1116 1256 praesente.

144 1307 156 1330 1
187 1293 291 1330 Nova
336 1293 442 1340 pacis
483 1291 779 1337 commendatio,
996 1296 1019 1337 4
1040 1291 1115 1328 Cur
1145 1291 1301 1328 Thomae
1330 1288 1516 1327 dubitatio
1550 1299 1639 1337 per-

161 1340 301 1378 iterum
332 1339 526 1388 discipulis
553 1339 632 1377 suis
658 1350 778 1388 appa·
1019 1339 1134 1375 missa
1156 1338 1282 1375 suerit.

162 1391 270 1425 rente
290 1388 465 1425 Domino.
829 1402 891 1425 221
997 1391 1017 1425 5
1032 1388 1166 1424 Causae
1185 1390 1340 1433 propter
1359 1396 1453 1432 quas
1470 1386 1641 1424 Christus

142 1450 160 1474 2
176 1437 340 1473 Thomas
355 1436 477 1484 tangit
490 1436 684 1474 cicatrices
699 1447 778 1474 cor-
1021 1434 1216 1487 cicatrices
1243 1433 1441 1470 vulnerum
1467 1433 1636 1471 retinuit.

163 1483 267 1532 poris
289 1484 441 1521 Christi.
831 1497 893 1521 221
998 1485 1019 1519 6
1039 1481 1432 1534 BenigmtasDomini
1468 1481 1522 1518 sic
1555 1492 1641 1519 cum

139 1535 160 1570 5
180 1531 282 1569 Fidei
300 1534 491 1570 meritum.
831 1544 896 1568 222
1021 1531 1167 1568 Thoma
1193 1528 1434 1566 samlliariter
1474 1529 1637 1577 agentis.

264 1646 417 1684 CAPUT
434 1647 588 1684 LXXIX.
608 1667 654 1674 -—
674 1646 858 1692 Quomodo
877 1646 1052 1682 Dominus
1070 1646 1249 1692 apparuit
1267 1647 1403 1692 septem
1418 1644 1630 1693 discipulis,

731 1695 780 1730 ad
798 1705 898 1730 mare
914 1693 1137 1730 Tiberiadis,

146 1796 158 1818 1
201 1780 258 1818 Ad
314 1779 564 1827 piscationem
621 1779 782 1817 redeunt
1002 1782 1023 1816 8
1043 1780 1161 1817 Cauta
1180 1780 1283 1817 Petri
1303 1779 1491 1817 modestia
1509 1779 1550 1817 in
1572 1791 1640 1818 sua

164 1827 349 1874 Apostoli.
833 1830 898 1864 225
1023 1827 1286 1874 responsione.

143 1889 161 1913 2
182 1875 376 1923 Apparitio
399 1874 551 1913 Domini
570 1878 608 1913 et
624 1875 780 1913 miracu·
999 1891 1020 1923 9
1041 1876 1114 1913 Cur
1147 1875 1250 1912 trina
1283 1875 1469 1913 consessio
1505 1876 1553 1913 ab
1591 1886 1637 1913 eo

164 1924 247 1961 losa
268 1923 440 1971 piscatio.
833 1926 900 1959 226
1023 1922 1198 1969 exigitur.

141 1974 162 2008 5
184 1971 456 2018 perspicacitas
470 1970 630 2009 Joannis
644 1970 681 2007 in
697 1981 781 2017 cog·
980 1986 1020 2009 10
1040 1972 1128 2008 Tria
1159 1981 1305 2018 genera
1323 1970 1494 2008 fidelium
1510 1970 1549 2007 in
1570 1972 1638 2008 Ec-

165 2020 360 2056 noscendo
393 2019 556 2063 Christo,
582 2019 781 2065 fervorque
1023 2018 1153 2065 clesia,
1170 2030 1266 2065 quos
1286 2030 1454 2064 pascere,
1470 2029 1546 2056 11011
1560 2022 1641 2056 ton-

168 2067 271 2104 Petri
289 2078 328 2103 se
346 2066 385 2103 111
407 2078 510 2103 mare
531 2065 731 2103 mittentis.
833 2069 900 2102 226
1024 2067 1126 2111 dere,
1147 2067 1302 2113 jubetur
1320 2068 1466 2104 Petrus.

142 2117 164 2159 4
183 2116 328 2152 Novum
358 2114 584 2151 miraculum
621 2113 781 2150 creatio·
980 2129 1015 2150 11
1043 2114 1261 2160 Martyrium
1278 2125 1346 2161 per
1360 2115 1482 2151 crucis
1502 2114 1641 2162 suppli-

166 2161 226 2199 nis
239 2164 460 2206 carbonum,
471 2161 584 2209 piscis
599 2172 643 2198 ac
656 2160 780 2208 panis,
1024 2160 1123 2198 cium
1146 2163 1258 2198 Petro
1284 2162 1518 2208 praedicitur.

167 2213 205 2247 et
223 2209 494 2256 discipulorum
516 2210 743 2246 reverentia.
833 2222 898 2256 227
980 2222 1019 2246 12
1038 2209 1118 2253 Quo
1138 2219 1253 2246 sensu
1270 2211 1404 2246 Petrus
1419 2213 1570 2247 secutus
1583 2213 1642 2248 est

144 2260 163 2294 5
182 2258 398 2295 Jucundum
427 2256 575 2293 Domini
604 2267 689 2293 cum
725 2256 781 2292 di·
1025 2256 1241 2294 Dominum.

166 2305 320 2352 scipulis
340 2303 567 2342 convivium.
835 2306 903 2340 228
982 2307 1021 2341 15
1043 2306 1095 2340 De
1132 2307 1254 2341 morte
1290 2305 1451 2342 Joannis
1476 2303 1641 2342 interro-

144 2355 165 2389 6
185 2353 329 2399 Duplex
362 2351 521 2397 piscatio
555 2350 784 2389 miraculosa
1026 2351 1141 2399 gatio.

167 2401 323 2454 eJusque
343 2399 592 2453 significati-0.
837 2412 904 2447 229
983 2404 1022 2444 14
1049 2399 1136 2437 Vita
1159 2399 1295 2446 duplex
1317 2409 1386 2446 per
1406 2402 1548 2437 sortem
1574 2401 1640 2438 Jo-

142 2463 162 2495 7
185 2449 357 2485 Chrlstus
376 2450 531 2484 Petrum
550 2458 589 2483 111
609 2457 718 2483 51111111
732 2447 785 2482 vi·
1026 2446 1139 2483 anuis
1170 2452 1209 2484 et
1230 2447 1330 2483 Petri
1349 2447 1577 2494 significata.

168 2495 312 2533 carium
333 2496 536 2541 electurus,
556 2505 642 2531 eum
665 2493 784 2531 inter·
984 2498 1023 2531 15
1046 2495 1124 2539 Quo
1147 2505 1261 2531 scnsu
1280 2496 1361 2532 haec
1375 2496 1563 2544 apparitio
1582 2507 1643 2533 vo-

169 2548 279 2591 rogat
295 2544 342 2581 de
362 2542 568 2580 dilectione
588 2552 669 2579 sua.
835 2555 903 2590 229
1029 2546 1134 2579 cetur
1153 2543 1278 2579 tertia.

239 2650 393 2688 CAPUT
416 2651 553 2688 LXXX.
576 2671 620 2676 —
642 2650 826 2693 Quomodo
848 2652 1023 2687 Dominus
1050 2651 1231 2696 apparuit
1247 2650 1416 2687 undecim
1446 2651 1644 2698 discipulis

514 2700 553 2734 in
572 2698 739 2740 Galilaea,
762 2701 795 2734 et
813 2700 925 2734 etiam
945 2700 1158 2744 quinqentis
1175 2699 1374 2741 fratribus,

152 2799 163 2820 1
189 2781 383 2829 Apparitio
408 2781 628 2829 principalis
653 2781 790 2819 Christi
1013 2796 1030 2818 2
1058 2784 1230 2818 Potestas
1267 2782 1356 2819 data
1395 2783 1551 2820 Christo.
1587 2786 1625 2819 ut

173 2830 213 2867 111
231 2833 360 2868 11101110
380 2829 561 2868 Galilaeae.
844 2833 911 2866 256
1036 2829 1198 2867 1101111111.

1708 210 1768 246 325

1694 287 1762 320 216

1695 393 1761 426 217

1692 488 1759 522 217

1693 573 1760 606 218

1695 667 1762 700 218

1696 869 1762 903 219

1695 964 1761 997 2¹9

1692 1058 1760 1084 220

1692 1341 1760 1376 225

1691 1437 1758 1472 225

1691 1533 1756 1567 225

1705 2833 1769 2877 257
