<?xml version="1.0" encoding="UTF-8"?>
<!DOCTYPE html PUBLIC "-//W3C//DTD XHTML 1.0 Transitional//EN"
    "http://www.w3.org/TR/xhtml1/DTD/xhtml1-transitional.dtd">
<html xmlns="http://www.w3.org/1999/xhtml" xml:lang="en" lang="en">
 <head>
  <title>
</title>
<meta http-equiv="Content-Type" content="text/html;charset=utf-8" />
  <meta name='ocr-system' content='tesseract 3.04.00' />
  <meta name='ocr-capabilities' content='ocr_page ocr_carea ocr_par ocr_line ocrx_word'/>
</head>
<body>
  <div class='ocr_page' id='page_1' title='image "./vitajesuchristie04ludouoft/vitajesuchristie04ludouoft_0075.png"; bbox 0 0 1924 3157; ppageno 0'>
   <div class='ocr_carea' id='block_1_1' title="bbox 575 142 1799 185">
    <p class='ocr_par' dir='ltr' id='par_1_1' title="bbox 575 142 1799 185">
     <span class='ocr_line' id='line_1_1' title="bbox 575 142 1799 185; baseline 0.007 -9"><span class='ocrx_word' id='word_1_1' title='bbox 575 144 626 178; x_wconf 78' lang='lat' dir='ltr'>DE</span> <span class='ocrx_word' id='word_1_2' title='bbox 666 142 836 183; x_wconf 77' lang='lat' dir='ltr'>TEltTlA,</span> <span class='ocrx_word' id='word_1_3' title='bbox 876 145 916 177; x_wconf 83' lang='lat' dir='ltr'>IN</span> <span class='ocrx_word' id='word_1_4' title='bbox 953 144 1173 180; x_wconf 75' lang='lat' dir='ltr'>PASSIONE</span> <span class='ocrx_word' id='word_1_5' title='bbox 1213 147 1382 182; x_wconf 81' lang='lat' dir='ltr'><strong>DOMINI.</strong></span> <span class='ocrx_word' id='word_1_6' title='bbox 1759 151 1799 185; x_wconf 72' lang='lat'>67</span> 
     </span>
    </p>
   </div>
   <div class='ocr_carea' id='block_1_2' title="bbox 129 214 1793 2463">
    <p class='ocr_par' dir='ltr' id='par_1_2' title="bbox 129 214 1793 2206">
     <span class='ocr_line' id='line_1_2' title="bbox 160 214 1793 267; baseline 0.004 -16"><span class='ocrx_word' id='word_1_7' title='bbox 160 214 384 259; x_wconf 82' lang='lat' dir='ltr'>neminum,</span> <span class='ocrx_word' id='word_1_8' title='bbox 403 215 580 261; x_wconf 83' lang='lat' dir='ltr'>quoniam</span> <span class='ocrx_word' id='word_1_9' title='bbox 594 216 720 261; x_wconf 28' lang='lat' dir='ltr'>,justus</span> <span class='ocrx_word' id='word_1_10' title='bbox 734 217 803 251; x_wconf 87' lang='lat' dir='ltr'>est.</span> <span class='ocrx_word' id='word_1_11' title='bbox 821 216 939 251; x_wconf 76' lang='lat' dir='ltr'>Multa</span> <span class='ocrx_word' id='word_1_12' title='bbox 978 218 982 259; x_wconf 73' lang='lat' dir='ltr'>l</span> <span class='ocrx_word' id='word_1_13' title='bbox 1016 215 1062 252; x_wconf 89' lang='lat' dir='ltr'>de</span> <span class='ocrx_word' id='word_1_14' title='bbox 1077 216 1201 253; x_wconf 77' lang='lat' dir='ltr'>medio</span> <span class='ocrx_word' id='word_1_15' title='bbox 1216 221 1251 254; x_wconf 89' lang='lat' dir='ltr'>et</span> <span class='ocrx_word' id='word_1_16' title='bbox 1267 218 1453 265; x_wconf 68' lang='lat' dir='ltr'>crucifigi.</span> <span class='ocrx_word' id='word_1_17' title='bbox 1472 220 1660 257; x_wconf 78' lang='lat' dir='ltr'><strong>Putabam</strong></span> <span class='ocrx_word' id='word_1_18' title='bbox 1675 221 1793 267; x_wconf 88' lang='lat' dir='ltr'>enim,</span> 
     </span>
     <span class='ocr_line' id='line_1_3' title="bbox 159 263 1792 316; baseline 0.005 -18"><span class='ocrx_word' id='word_1_19' title='bbox 159 264 254 298; x_wconf 79' lang='lat' dir='ltr'>enim</span> <span class='ocrx_word' id='word_1_20' title='bbox 279 273 391 308; x_wconf 78' lang='lat' dir='ltr'>passa</span> <span class='ocrx_word' id='word_1_21' title='bbox 418 273 498 298; x_wconf 74' lang='lat' dir='ltr'>sum</span> <span class='ocrx_word' id='word_1_22' title='bbox 524 264 630 298; x_wconf 79' lang='lat' dir='ltr'>hodie</span> <span class='ocrx_word' id='word_1_23' title='bbox 654 273 720 309; x_wconf 79' lang='lat' dir='ltr'>per</span> <span class='ocrx_word' id='word_1_24' title='bbox 744 264 876 305; x_wconf 71' lang='lat' dir='ltr'>visum,</span> <span class='ocrx_word' id='word_1_25' title='bbox 900 265 938 298; x_wconf 87' lang='lat' dir='ltr'>et</span> <span class='ocrx_word' id='word_1_26' title='bbox 1015 266 1052 298; x_wconf 91' lang='lat' dir='ltr'>ut</span> <span class='ocrx_word' id='word_1_27' title='bbox 1080 263 1171 299; x_wconf 71' lang='lat' dir='ltr'>dicit</span> <span class='ocrx_word' id='word_1_28' title='bbox 1197 267 1487 314; x_wconf 71' lang='lat' dir='ltr'><em>chrysostomus,</em></span> <span class='ocrx_word' id='word_1_29' title='bbox 1507 267 1578 304; x_wconf 91' lang='lat' dir='ltr'>hoc</span> <span class='ocrx_word' id='word_1_30' title='bbox 1609 279 1648 305; x_wconf 74' lang='lat' dir='ltr'>se</span> <span class='ocrx_word' id='word_1_31' title='bbox 1681 279 1792 316; x_wconf 84' lang='lat' dir='ltr'>posse</span> 
     </span>
     <span class='ocr_line' id='line_1_4' title="bbox 158 309 1793 358; baseline 0.005 -13"><span class='ocrx_word' id='word_1_32' title='bbox 158 309 193 345; x_wconf 92' lang='lat' dir='ltr'>in</span> <span class='ocrx_word' id='word_1_33' title='bbox 217 309 388 353; x_wconf 63' lang='lat' dir='ltr'>&gt;omniis‚</span> <span class='ocrx_word' id='word_1_34' title='bbox 409 313 558 356; x_wconf 79' lang='lat' dir='ltr'>propter</span> <span class='ocrx_word' id='word_1_35' title='bbox 578 321 670 346; x_wconf 76' lang='lat' dir='ltr'>eum.</span> <span class='ocrx_word' id='word_1_36' title='bbox 696 311 794 346; x_wconf 83' lang='lat' dir='ltr'>Uxor</span> <span class='ocrx_word' id='word_1_37' title='bbox 811 309 936 356; x_wconf 75' lang='lat' dir='ltr'>itaque</span> <span class='ocrx_word' id='word_1_38' title='bbox 976 352 978 357; x_wconf 33' lang='grc' dir='ltr'>Ι</span> <span class='ocrx_word' id='word_1_39' title='bbox 1013 313 1198 355; x_wconf 88' lang='lat' dir='ltr'>astruere,</span> <span class='ocrx_word' id='word_1_40' title='bbox 1225 315 1325 358; x_wconf 82' lang='lat' dir='ltr'>quod</span> <span class='ocrx_word' id='word_1_41' title='bbox 1357 317 1467 351; x_wconf 84' lang='lat' dir='ltr'>Jcsus</span> <span class='ocrx_word' id='word_1_42' title='bbox 1493 315 1663 352; x_wconf 89' lang='lat' dir='ltr'>deterior</span> <span class='ocrx_word' id='word_1_43' title='bbox 1691 320 1793 353; x_wconf 85' lang='lat' dir='ltr'>esset</span> 
     </span>
     <span class='ocr_line' id='line_1_5' title="bbox 157 357 1791 450; baseline 0.004 -56"><span class='ocrx_word' id='word_1_44' title='bbox 157 357 316 394; x_wconf 85' lang='lat' dir='ltr'>Gentilis</span> <span class='ocrx_word' id='word_1_45' title='bbox 344 357 411 392; x_wconf 85' lang='lat' dir='ltr'>viri</span> <span class='ocrx_word' id='word_1_46' title='bbox 435 358 504 393; x_wconf 76' lang='lat' dir='ltr'>hoe</span> <span class='ocrx_word' id='word_1_47' title='bbox 527 359 562 393; x_wconf 93' lang='lat' dir='ltr'>in</span> <span class='ocrx_word' id='word_1_48' title='bbox 585 357 797 393; x_wconf 74' lang='lat' dir='ltr'>visionibus</span> <span class='ocrx_word' id='word_1_49' title='bbox 817 360 852 394; x_wconf 89' lang='lat' dir='ltr'>et</span> <span class='ocrx_word' id='word_1_50' title='bbox 875 368 935 393; x_wconf 89' lang='lat' dir='ltr'>so-</span> <span class='ocrx_word' id='word_1_51' title='bbox 974 359 978 450; x_wconf 57' lang='grc' dir='ltr'><strong>Ι</strong></span> <span class='ocrx_word' id='word_1_52' title='bbox 1013 358 1173 401; x_wconf 74' lang='lat' dir='ltr'>latrone,</span> <span class='ocrx_word' id='word_1_53' title='bbox 1200 364 1237 395; x_wconf 89' lang='lat' dir='ltr'>et</span> <span class='ocrx_word' id='word_1_54' title='bbox 1270 364 1364 397; x_wconf 89' lang='lat' dir='ltr'>adeo</span> <span class='ocrx_word' id='word_1_55' title='bbox 1397 373 1575 409; x_wconf 77' lang='lat' dir='ltr'><strong>nequam,</strong></span> <span class='ocrx_word' id='word_1_56' title='bbox 1601 366 1640 399; x_wconf 92' lang='lat' dir='ltr'>ut</span> <span class='ocrx_word' id='word_1_57' title='bbox 1667 374 1791 410; x_wconf 86' lang='lat' dir='ltr'>neque</span> 
     </span>
     <span class='ocr_line' id='line_1_6' title="bbox 157 404 1789 454; baseline 0.005 -15"><span class='ocrx_word' id='word_1_58' title='bbox 157 404 269 440; x_wconf 89' lang='lat' dir='ltr'>mniis</span> <span class='ocrx_word' id='word_1_59' title='bbox 287 404 486 448; x_wconf 78' lang='lat' dir='ltr'>intellexit,</span> <span class='ocrx_word' id='word_1_60' title='bbox 506 405 606 451; x_wconf 84' lang='lat' dir='ltr'>quod</span> <span class='ocrx_word' id='word_1_61' title='bbox 626 404 747 441; x_wconf 66' lang='lat' dir='ltr'>sudrei</span> <span class='ocrx_word' id='word_1_62' title='bbox 776 404 934 447; x_wconf 69' lang='lat' dir='ltr'>vigilan—</span> <span class='ocrx_word' id='word_1_63' title='bbox 1011 415 1078 450; x_wconf 90' lang='lat' dir='ltr'>pro</span> <span class='ocrx_word' id='word_1_64' title='bbox 1103 405 1185 441; x_wconf 79' lang='lat' dir='ltr'>sesti</span> <span class='ocrx_word' id='word_1_65' title='bbox 1210 409 1460 454; x_wconf 70' lang='lat' dir='ltr'>p1·oer.»gativa</span> <span class='ocrx_word' id='word_1_66' title='bbox 1477 411 1633 447; x_wconf 79' lang='lat' dir='ltr'>deberet</span> <span class='ocrx_word' id='word_1_67' title='bbox 1649 411 1789 448; x_wconf 86' lang='lat' dir='ltr'>libera-</span> 
     </span>
     <span class='ocr_line' id='line_1_7' title="bbox 155 451 1789 499; baseline 0.006 -12"><span class='ocrx_word' id='word_1_68' title='bbox 155 454 210 488; x_wconf 85' lang='lat' dir='ltr'>tes</span> <span class='ocrx_word' id='word_1_69' title='bbox 231 463 355 498; x_wconf 85' lang='lat' dir='ltr'>neque</span> <span class='ocrx_word' id='word_1_70' title='bbox 383 453 551 497; x_wconf 78' lang='lat' dir='ltr'>credere,</span> <span class='ocrx_word' id='word_1_71' title='bbox 575 463 694 499; x_wconf 87' lang='lat' dir='ltr'>neque</span> <span class='ocrx_word' id='word_1_72' title='bbox 721 452 935 498; x_wconf 86' lang='lat' dir='ltr'>intelligere</span> <span class='ocrx_word' id='word_1_73' title='bbox 973 451 976 491; x_wconf 83' lang='lat' dir='ltr'>l</span> <span class='ocrx_word' id='word_1_74' title='bbox 1010 452 1055 488; x_wconf 87' lang='lat' dir='ltr'>ri.</span> <span class='ocrx_word' id='word_1_75' title='bbox 1087 454 1124 488; x_wconf 88' lang='lat' dir='ltr'>lu</span> <span class='ocrx_word' id='word_1_76' title='bbox 1161 464 1233 499; x_wconf 82' lang='lat' dir='ltr'>quo</span> <span class='ocrx_word' id='word_1_77' title='bbox 1271 456 1367 491; x_wconf 72' lang='lat' dir='ltr'>sarto</span> <span class='ocrx_word' id='word_1_78' title='bbox 1405 468 1536 494; x_wconf 90' lang='lat' dir='ltr'>eorum</span> <span class='ocrx_word' id='word_1_79' title='bbox 1576 459 1789 496; x_wconf 74' lang='lat' dir='ltr'>ostenditur</span> 
     </span>
     <span class='ocr_line' id='line_1_8' title="bbox 155 496 1791 550; baseline 0.005 -15"><span class='ocrx_word' id='word_1_80' title='bbox 155 499 367 536; x_wconf 87' lang='lat' dir='ltr'>voluerunt.</span> <span class='ocrx_word' id='word_1_81' title='bbox 390 499 570 536; x_wconf 87' lang='lat' dir='ltr'>Diabolus</span> <span class='ocrx_word' id='word_1_82' title='bbox 592 500 727 546; x_wconf 88' lang='lat' dir='ltr'>quippe</span> <span class='ocrx_word' id='word_1_83' title='bbox 752 510 936 546; x_wconf 74' lang='lat' dir='ltr'>apparue-</span> <span class='ocrx_word' id='word_1_84' title='bbox 972 496 976 547; x_wconf 72' lang='lat' dir='ltr'>l</span> <span class='ocrx_word' id='word_1_85' title='bbox 1010 499 1146 536; x_wconf 68' lang='lat' dir='ltr'>futurae</span> <span class='ocrx_word' id='word_1_86' title='bbox 1169 499 1402 539; x_wconf 75' lang='lat' dir='ltr'>infidelitatis</span> <span class='ocrx_word' id='word_1_87' title='bbox 1426 516 1622 550; x_wconf 84' lang='lat' dir='ltr'>arcanum,</span> <span class='ocrx_word' id='word_1_88' title='bbox 1646 506 1791 544; x_wconf 88' lang='lat' dir='ltr'>scilicet</span> 
     </span>
     <span class='ocr_line' id='line_1_9' title="bbox 153 546 1790 598; baseline 0.005 -15"><span class='ocrx_word' id='word_1_89' title='bbox 153 551 213 583; x_wconf 91' lang='lat' dir='ltr'>rat</span> <span class='ocrx_word' id='word_1_90' title='bbox 239 546 287 591; x_wconf 90' lang='lat' dir='ltr'>ei,</span> <span class='ocrx_word' id='word_1_91' title='bbox 310 557 466 583; x_wconf 85' lang='lat' dir='ltr'>movens</span> <span class='ocrx_word' id='word_1_92' title='bbox 505 558 590 584; x_wconf 85' lang='lat' dir='ltr'>eam</span> <span class='ocrx_word' id='word_1_93' title='bbox 627 548 850 591; x_wconf 86' lang='lat' dir='ltr'>terroribus,</span> <span class='ocrx_word' id='word_1_94' title='bbox 886 547 933 583; x_wconf 86' lang='lat' dir='ltr'>ad</span> <span class='ocrx_word' id='word_1_95' title='bbox 1009 547 1274 585; x_wconf 83' lang='lat' dir='ltr'>antichristum</span> <span class='ocrx_word' id='word_1_96' title='bbox 1314 551 1462 587; x_wconf 88' lang='lat' dir='ltr'>Christo</span> <span class='ocrx_word' id='word_1_97' title='bbox 1496 554 1790 598; x_wconf 79' lang='lat' dir='ltr'>prael&#39;erendum.</span> 
     </span>
     <span class='ocr_line' id='line_1_10' title="bbox 154 594 1791 645; baseline 0.005 -16"><span class='ocrx_word' id='word_1_98' title='bbox 154 594 418 631; x_wconf 88' lang='lat' dir='ltr'>liberationem</span> <span class='ocrx_word' id='word_1_99' title='bbox 441 594 593 631; x_wconf 89' lang='lat' dir='ltr'>Christi.</span> <span class='ocrx_word' id='word_1_100' title='bbox 619 595 723 630; x_wconf 88' lang='lat' dir='ltr'>Nune</span> <span class='ocrx_word' id='word_1_101' title='bbox 750 594 850 630; x_wconf 88' lang='lat' dir='ltr'>enim</span> <span class='ocrx_word' id='word_1_102' title='bbox 872 594 934 630; x_wconf 89' lang='lat' dir='ltr'>de·</span> <span class='ocrx_word' id='word_1_103' title='bbox 1009 595 1194 632; x_wconf 78' lang='lat' dir='ltr'>Latrones</span> <span class='ocrx_word' id='word_1_104' title='bbox 1222 596 1410 634; x_wconf 86' lang='lat' dir='ltr'>latronem</span> <span class='ocrx_word' id='word_1_105' title='bbox 1437 599 1642 645; x_wconf 70' lang='lat' dir='ltr'>petierunt,</span> <span class='ocrx_word' id='word_1_106' title='bbox 1665 606 1701 638; x_wconf 90' lang='lat' dir='ltr'>et</span> <span class='ocrx_word' id='word_1_107' title='bbox 1723 602 1791 638; x_wconf 89' lang='lat' dir='ltr'>ho-</span> 
     </span>
     <span class='ocr_line' id='line_1_11' title="bbox 153 641 1788 693; baseline 0.004 -15"><span class='ocrx_word' id='word_1_108' title='bbox 153 652 256 678; x_wconf 91' lang='lat' dir='ltr'>mum</span> <span class='ocrx_word' id='word_1_109' title='bbox 277 642 450 678; x_wconf 90' lang='lat' dir='ltr'>diabolus</span> <span class='ocrx_word' id='word_1_110' title='bbox 478 641 696 687; x_wconf 85' lang='lat' dir='ltr'>intelligens</span> <span class='ocrx_word' id='word_1_111' title='bbox 727 652 794 688; x_wconf 88' lang='lat' dir='ltr'>per</span> <span class='ocrx_word' id='word_1_112' title='bbox 823 642 931 678; x_wconf 89' lang='lat' dir='ltr'>Chri·</span> <span class='ocrx_word' id='word_1_113' title='bbox 1009 642 1187 679; x_wconf 75' lang='lat' dir='ltr'>mic-idam</span> <span class='ocrx_word' id='word_1_114' title='bbox 1215 645 1367 681; x_wconf 86' lang='lat' dir='ltr'>Auctori</span> <span class='ocrx_word' id='word_1_115' title='bbox 1403 646 1489 682; x_wconf 68' lang='lat' dir='ltr'>vitre</span> <span class='ocrx_word' id='word_1_116' title='bbox 1525 649 1788 693; x_wconf 71' lang='lat' dir='ltr'>przetulerunt.</span> 
     </span>
     <span class='ocr_line' id='line_1_12' title="bbox 152 688 1792 738; baseline 0.005 -13"><span class='ocrx_word' id='word_1_117' title='bbox 152 693 251 725; x_wconf 89' lang='lat' dir='ltr'>stum</span> <span class='ocrx_word' id='word_1_118' title='bbox 273 700 342 726; x_wconf 88' lang='lat' dir='ltr'>sua</span> <span class='ocrx_word' id='word_1_119' title='bbox 361 688 496 735; x_wconf 89' lang='lat' dir='ltr'>spolia,</span> <span class='ocrx_word' id='word_1_120' title='bbox 516 689 594 725; x_wconf 85' lang='lat' dir='ltr'>sive</span> <span class='ocrx_word' id='word_1_121' title='bbox 615 689 654 725; x_wconf 92' lang='lat' dir='ltr'>in</span> <span class='ocrx_word' id='word_1_122' title='bbox 676 689 832 733; x_wconf 78' lang='lat' dir='ltr'>mundo,</span> <span class='ocrx_word' id='word_1_123' title='bbox 852 689 931 726; x_wconf 87' lang='lat' dir='ltr'>sive</span> <span class='ocrx_word' id='word_1_124' title='bbox 1008 690 1113 733; x_wconf 91' lang='lat' dir='ltr'>Quod</span> <span class='ocrx_word' id='word_1_125' title='bbox 1135 690 1398 738; x_wconf 87' lang='lat' dir='ltr'>improperans</span> <span class='ocrx_word' id='word_1_126' title='bbox 1423 693 1478 730; x_wconf 88' lang='lat' dir='ltr'>eis</span> <span class='ocrx_word' id='word_1_127' title='bbox 1506 695 1636 731; x_wconf 82' lang='lat' dir='ltr'>beatus</span> <span class='ocrx_word' id='word_1_128' title='bbox 1656 697 1792 734; x_wconf 86' lang='lat' dir='ltr'>Petrus</span> 
     </span>
     <span class='ocr_line' id='line_1_13' title="bbox 150 736 1789 789; baseline 0.005 -17"><span class='ocrx_word' id='word_1_129' title='bbox 150 736 189 773; x_wconf 93' lang='lat' dir='ltr'>in</span> <span class='ocrx_word' id='word_1_130' title='bbox 227 739 384 781; x_wconf 86' lang='lat' dir='ltr'>tartare,</span> <span class='ocrx_word' id='word_1_131' title='bbox 417 747 456 773; x_wconf 86' lang='lat' dir='ltr'>se</span> <span class='ocrx_word' id='word_1_132' title='bbox 486 737 729 779; x_wconf 87' lang='lat' dir='ltr'>amissurum,</span> <span class='ocrx_word' id='word_1_133' title='bbox 753 737 932 783; x_wconf 85' lang='lat' dir='ltr'>poenituit</span> <span class='ocrx_word' id='word_1_134' title='bbox 1007 740 1139 783; x_wconf 81' lang='lat' dir='ltr'>postea</span> <span class='ocrx_word' id='word_1_135' title='bbox 1160 738 1339 776; x_wconf 87' lang='lat' dir='ltr'>dicebat:</span> <span class='ocrx_word' id='word_1_136' title='bbox 1366 743 1437 778; x_wconf 83' lang='lat' dir='ltr'>Vos</span> <span class='ocrx_word' id='word_1_137' title='bbox 1474 747 1642 779; x_wconf 83' lang='lat' dir='ltr'>sanctum</span> <span class='ocrx_word' id='word_1_138' title='bbox 1669 747 1703 780; x_wconf 76' lang='lat' dir='ltr'>et</span> <span class='ocrx_word' id='word_1_139' title='bbox 1722 744 1789 789; x_wconf 85' lang='lat' dir='ltr'>ju—</span> 
     </span>
     <span class='ocr_line' id='line_1_14' title="bbox 150 784 1788 834; baseline 0.005 -14"><span class='ocrx_word' id='word_1_140' title='bbox 150 784 251 831; x_wconf 91' lang='lat' dir='ltr'>quod</span> <span class='ocrx_word' id='word_1_141' title='bbox 287 784 428 821; x_wconf 78' lang='lat' dir='ltr'>fecerat</span> <span class='ocrx_word' id='word_1_142' title='bbox 459 784 731 831; x_wconf 79' lang='lat' dir='ltr'>comprehendi</span> <span class='ocrx_word' id='word_1_143' title='bbox 763 795 865 829; x_wconf 88' lang='lat' dir='ltr'>eum,</span> <span class='ocrx_word' id='word_1_144' title='bbox 894 788 931 821; x_wconf 91' lang='lat' dir='ltr'>et</span> <span class='ocrx_word' id='word_1_145' title='bbox 1006 788 1103 820; x_wconf 78' lang='lat' dir='ltr'>stum</span> <span class='ocrx_word' id='word_1_146' title='bbox 1126 790 1304 831; x_wconf 68' lang='lat' dir='ltr'>neqascis.</span> <span class='ocrx_word' id='word_1_147' title='bbox 1327 791 1361 824; x_wconf 79' lang='lat' dir='ltr'>et</span> <span class='ocrx_word' id='word_1_148' title='bbox 1396 791 1561 834; x_wconf 73' lang='lat' dir='ltr'>petiistis</span> <span class='ocrx_word' id='word_1_149' title='bbox 1581 793 1703 827; x_wconf 79' lang='lat' dir='ltr'>virum</span> <span class='ocrx_word' id='word_1_150' title='bbox 1727 793 1788 828; x_wconf 83' lang='lat' dir='ltr'>ho-</span> 
     </span>
     <span class='ocr_line' id='line_1_15' title="bbox 148 831 1787 881; baseline 0.004 -13"><span class='ocrx_word' id='word_1_151' title='bbox 148 831 234 868; x_wconf 91' lang='lat' dir='ltr'>ideo</span> <span class='ocrx_word' id='word_1_152' title='bbox 265 831 422 868; x_wconf 84' lang='lat' dir='ltr'>immisit</span> <span class='ocrx_word' id='word_1_153' title='bbox 454 831 617 869; x_wconf 62' lang='lat' dir='ltr'>visiones</span> <span class='ocrx_word' id='word_1_154' title='bbox 648 833 735 869; x_wconf 91' lang='lat' dir='ltr'>huic</span> <span class='ocrx_word' id='word_1_155' title='bbox 763 831 927 875; x_wconf 77' lang='lat' dir='ltr'>mulieri,</span> <span class='ocrx_word' id='word_1_156' title='bbox 1005 834 1181 870; x_wconf 71' lang='lat' dir='ltr'>micidam</span> <span class='ocrx_word' id='word_1_157' title='bbox 1198 835 1333 871; x_wconf 75' lang='lat' dir='ltr'>donari</span> <span class='ocrx_word' id='word_1_158' title='bbox 1353 836 1469 881; x_wconf 81' lang='lat' dir='ltr'>vobis,</span> <span class='ocrx_word' id='word_1_159' title='bbox 1485 838 1683 874; x_wconf 76' lang='lat' dir='ltr'>Auctorem</span> <span class='ocrx_word' id='word_1_160' title='bbox 1703 850 1787 876; x_wconf 84' lang='lat' dir='ltr'>vero</span> 
     </span>
     <span class='ocr_line' id='line_1_16' title="bbox 149 879 1787 931; baseline 0.004 -15"><span class='ocrx_word' id='word_1_161' title='bbox 149 884 190 916; x_wconf 89' lang='lat' dir='ltr'>ut</span> <span class='ocrx_word' id='word_1_162' title='bbox 212 890 280 927; x_wconf 91' lang='lat' dir='ltr'>per</span> <span class='ocrx_word' id='word_1_163' title='bbox 309 890 394 916; x_wconf 88' lang='lat' dir='ltr'>eam</span> <span class='ocrx_word' id='word_1_164' title='bbox 425 879 677 926; x_wconf 74' lang='lat' dir='ltr'>impediretur</span> <span class='ocrx_word' id='word_1_165' title='bbox 704 890 805 916; x_wconf 90' lang='lat' dir='ltr'>mors</span> <span class='ocrx_word' id='word_1_166' title='bbox 824 880 929 916; x_wconf 91' lang='lat' dir='ltr'>Chri·</span> <span class='ocrx_word' id='word_1_167' title='bbox 1005 882 1090 917; x_wconf 70' lang='lat' dir='ltr'>vitae</span> <span class='ocrx_word' id='word_1_168' title='bbox 1105 883 1357 926; x_wconf 78' lang='lat' dir='ltr'>interfecistis.</span> <span class='ocrx_word' id='word_1_169' title='bbox 1374 884 1402 920; x_wconf 93' lang='grc' dir='ltr'><strong>Ο</strong></span> <span class='ocrx_word' id='word_1_170' title='bbox 1418 885 1787 931; x_wconf 86' lang='lat' dir='ltr'>quantaiuselicium</span> 
     </span>
     <span class='ocr_line' id='line_1_17' title="bbox 150 927 1784 982; baseline 0.005 -19"><span class='ocrx_word' id='word_1_171' title='bbox 150 929 222 971; x_wconf 89' lang='lat' dir='ltr'>sti;</span> <span class='ocrx_word' id='word_1_172' title='bbox 251 931 289 964; x_wconf 85' lang='lat' dir='ltr'>et</span> <span class='ocrx_word' id='word_1_173' title='bbox 318 927 416 964; x_wconf 84' lang='lat' dir='ltr'>sicut</span> <span class='ocrx_word' id='word_1_174' title='bbox 439 938 544 974; x_wconf 80' lang='lat' dir='ltr'>prius</span> <span class='ocrx_word' id='word_1_175' title='bbox 564 938 632 974; x_wconf 89' lang='lat' dir='ltr'>per</span> <span class='ocrx_word' id='word_1_176' title='bbox 654 928 853 964; x_wconf 89' lang='lat' dir='ltr'>mulierem</span> <span class='ocrx_word' id='word_1_177' title='bbox 875 927 930 964; x_wconf 88' lang='lat' dir='ltr'>in·</span> <span class='ocrx_word' id='word_1_178' title='bbox 1004 928 1224 966; x_wconf 84' lang='lat' dir='ltr'>Judaeorum</span> <span class='ocrx_word' id='word_1_179' title='bbox 1257 930 1438 977; x_wconf 84' lang='lat' dir='ltr'>iniquitas</span> <span class='ocrx_word' id='word_1_180' title='bbox 1470 937 1506 968; x_wconf 91' lang='lat' dir='ltr'>et</span> <span class='ocrx_word' id='word_1_181' title='bbox 1533 934 1692 979; x_wconf 84' lang='lat' dir='ltr'>malitia,</span> <span class='ocrx_word' id='word_1_182' title='bbox 1719 936 1784 982; x_wconf 91' lang='lat' dir='ltr'>qui</span> 
     </span>
     <span class='ocr_line' id='line_1_18' title="bbox 148 975 1787 1029; baseline 0.005 -18"><span class='ocrx_word' id='word_1_183' title='bbox 148 975 287 1012; x_wconf 86' lang='lat' dir='ltr'>tulerat</span> <span class='ocrx_word' id='word_1_184' title='bbox 308 975 448 1012; x_wconf 90' lang='lat' dir='ltr'>mundo</span> <span class='ocrx_word' id='word_1_185' title='bbox 470 975 703 1016; x_wconf 88' lang='lat' dir='ltr'>mortem‚ita</span> <span class='ocrx_word' id='word_1_186' title='bbox 724 975 837 1012; x_wconf 88' lang='lat' dir='ltr'>modo</span> <span class='ocrx_word' id='word_1_187' title='bbox 856 978 930 1011; x_wconf 86' lang='lat' dir='ltr'>sat·</span> <span class='ocrx_word' id='word_1_188' title='bbox 1004 975 1052 1011; x_wconf 84' lang='lat' dir='ltr'>ad</span> <span class='ocrx_word' id='word_1_189' title='bbox 1073 978 1352 1022; x_wconf 85' lang='lat' dir='ltr'>procurandum</span> <span class='ocrx_word' id='word_1_190' title='bbox 1375 980 1513 1016; x_wconf 81' lang='lat' dir='ltr'>Christi</span> <span class='ocrx_word' id='word_1_191' title='bbox 1527 985 1697 1018; x_wconf 86' lang='lat' dir='ltr'>’mortem</span> <span class='ocrx_word' id='word_1_192' title='bbox 1724 992 1787 1029; x_wconf 91' lang='lat' dir='ltr'>pe—</span> 
     </span>
     <span class='ocr_line' id='line_1_19' title="bbox 147 1022 1785 1075; baseline 0.005 -17"><span class='ocrx_word' id='word_1_193' title='bbox 147 1022 225 1070; x_wconf 84' lang='lat' dir='ltr'>agit</span> <span class='ocrx_word' id='word_1_194' title='bbox 265 1023 469 1067; x_wconf 85' lang='lat' dir='ltr'>Christum,</span> <span class='ocrx_word' id='word_1_195' title='bbox 500 1023 547 1059; x_wconf 88' lang='lat' dir='ltr'>de</span> <span class='ocrx_word' id='word_1_196' title='bbox 577 1024 753 1060; x_wconf 88' lang='lat' dir='ltr'>manibus</span> <span class='ocrx_word' id='word_1_197' title='bbox 776 1023 927 1060; x_wconf 85' lang='lat' dir='ltr'>Judaeo-</span> <span class='ocrx_word' id='word_1_198' title='bbox 1004 1022 1144 1060; x_wconf 87' lang='lat' dir='ltr'>tierunt</span> <span class='ocrx_word' id='word_1_199' title='bbox 1164 1025 1325 1062; x_wconf 88' lang='lat' dir='ltr'>latronis</span> <span class='ocrx_word' id='word_1_200' title='bbox 1343 1026 1483 1072; x_wconf 76' lang='lat' dir='ltr'>publici</span> <span class='ocrx_word' id='word_1_201' title='bbox 1505 1028 1785 1075; x_wconf 78' lang='lat' dir='ltr'>liberationem,</span> 
     </span>
     <span class='ocr_line' id='line_1_20' title="bbox 146 1069 1786 1123; baseline 0.005 -17"><span class='ocrx_word' id='word_1_202' title='bbox 146 1080 230 1106; x_wconf 88' lang='lat' dir='ltr'>rum</span> <span class='ocrx_word' id='word_1_203' title='bbox 254 1069 418 1107; x_wconf 89' lang='lat' dir='ltr'>liberare</span> <span class='ocrx_word' id='word_1_204' title='bbox 447 1080 516 1117; x_wconf 90' lang='lat' dir='ltr'>per</span> <span class='ocrx_word' id='word_1_205' title='bbox 548 1069 764 1115; x_wconf 86' lang='lat' dir='ltr'>mulierem,</span> <span class='ocrx_word' id='word_1_206' title='bbox 792 1081 839 1107; x_wconf 90' lang='lat' dir='ltr'>ne</span> <span class='ocrx_word' id='word_1_207' title='bbox 860 1081 928 1117; x_wconf 89' lang='lat' dir='ltr'>per</span> <span class='ocrx_word' id='word_1_208' title='bbox 1003 1074 1136 1108; x_wconf 88' lang='lat' dir='ltr'>contra</span> <span class='ocrx_word' id='word_1_209' title='bbox 1157 1072 1296 1109; x_wconf 90' lang='lat' dir='ltr'>bonum</span> <span class='ocrx_word' id='word_1_210' title='bbox 1320 1073 1513 1120; x_wconf 87' lang='lat' dir='ltr'>publicum</span> <span class='ocrx_word' id='word_1_211' title='bbox 1534 1077 1786 1123; x_wconf 85' lang='lat' dir='ltr'>etjustitiam:</span> 
     </span>
     <span class='ocr_line' id='line_1_21' title="bbox 145 1117 1786 1168; baseline 0.004 -14"><span class='ocrx_word' id='word_1_212' title='bbox 145 1117 280 1155; x_wconf 77' lang='lat' dir='ltr'>Christi</span> <span class='ocrx_word' id='word_1_213' title='bbox 303 1121 465 1154; x_wconf 89' lang='lat' dir='ltr'>mortem</span> <span class='ocrx_word' id='word_1_214' title='bbox 487 1117 619 1154; x_wconf 91' lang='lat' dir='ltr'>mortis</span> <span class='ocrx_word' id='word_1_215' title='bbox 637 1117 787 1154; x_wconf 86' lang='lat' dir='ltr'>amittat</span> <span class='ocrx_word' id='word_1_216' title='bbox 808 1119 926 1165; x_wconf 91' lang='lat' dir='ltr'>impe·</span> <span class='ocrx_word' id='word_1_217' title='bbox 1003 1122 1163 1156; x_wconf 88' lang='lat' dir='ltr'>mortem</span> <span class='ocrx_word' id='word_1_218' title='bbox 1204 1119 1304 1166; x_wconf 78' lang='lat' dir='ltr'>vitae,</span> <span class='ocrx_word' id='word_1_219' title='bbox 1344 1123 1522 1159; x_wconf 86' lang='lat' dir='ltr'>tenebras</span> <span class='ocrx_word' id='word_1_220' title='bbox 1547 1123 1636 1168; x_wconf 89' lang='lat' dir='ltr'>luci,</span> <span class='ocrx_word' id='word_1_221' title='bbox 1665 1124 1786 1162; x_wconf 86' lang='lat' dir='ltr'>tilium</span> 
     </span>
     <span class='ocr_line' id='line_1_22' title="bbox 145 1164 1783 1219; baseline 0.005 -18"><span class='ocrx_word' id='word_1_222' title='bbox 145 1164 259 1202; x_wconf 90' lang='lat' dir='ltr'>rium.</span> <span class='ocrx_word' id='word_1_223' title='bbox 281 1167 366 1202; x_wconf 88' lang='lat' dir='ltr'>Jam</span> <span class='ocrx_word' id='word_1_224' title='bbox 403 1165 557 1212; x_wconf 88' lang='lat' dir='ltr'>quidem</span> <span class='ocrx_word' id='word_1_225' title='bbox 580 1165 646 1202; x_wconf 90' lang='lat' dir='ltr'>Dei</span> <span class='ocrx_word' id='word_1_226' title='bbox 666 1170 761 1202; x_wconf 89' lang='lat' dir='ltr'>nutu</span> <span class='ocrx_word' id='word_1_227' title='bbox 800 1168 838 1202; x_wconf 87' lang='lat' dir='ltr'>et</span> <span class='ocrx_word' id='word_1_228' title='bbox 858 1165 927 1202; x_wconf 80' lang='lat' dir='ltr'>vir-</span> <span class='ocrx_word' id='word_1_229' title='bbox 1002 1165 1142 1218; x_wconf 79' lang='lat' dir='ltr'>diaboli</span> <span class='ocrx_word' id='word_1_230' title='bbox 1175 1166 1269 1204; x_wconf 88' lang='lat' dir='ltr'>Filio</span> <span class='ocrx_word' id='word_1_231' title='bbox 1309 1167 1374 1205; x_wconf 90' lang='lat' dir='ltr'>Dei</span> <span class='ocrx_word' id='word_1_232' title='bbox 1410 1172 1488 1206; x_wconf 84' lang='lat' dir='ltr'>tam</span> <span class='ocrx_word' id='word_1_233' title='bbox 1527 1171 1639 1208; x_wconf 89' lang='lat' dir='ltr'>stulte</span> <span class='ocrx_word' id='word_1_234' title='bbox 1672 1183 1783 1219; x_wconf 87' lang='lat' dir='ltr'>quam</span> 
     </span>
     <span class='ocr_line' id='line_1_23' title="bbox 143 1212 1784 1265; baseline 0.005 -16"><span class='ocrx_word' id='word_1_235' title='bbox 143 1215 222 1250; x_wconf 87' lang='lat' dir='ltr'>tute</span> <span class='ocrx_word' id='word_1_236' title='bbox 238 1216 385 1260; x_wconf 90' lang='lat' dir='ltr'>poterat</span> <span class='ocrx_word' id='word_1_237' title='bbox 404 1213 624 1260; x_wconf 79' lang='lat' dir='ltr'>mysterium</span> <span class='ocrx_word' id='word_1_238' title='bbox 642 1212 765 1250; x_wconf 88' lang='lat' dir='ltr'>crucis</span> <span class='ocrx_word' id='word_1_239' title='bbox 786 1224 926 1259; x_wconf 83' lang='lat' dir='ltr'>cogno·</span> <span class='ocrx_word' id='word_1_240' title='bbox 1001 1213 1116 1261; x_wconf 91' lang='lat' dir='ltr'>1mpie</span> <span class='ocrx_word' id='word_1_241' title='bbox 1141 1216 1414 1261; x_wconf 78' lang='lat' dir='ltr'>praeserentesi</span> <span class='ocrx_word' id='word_1_242' title='bbox 1444 1218 1550 1255; x_wconf 83' lang='lat' dir='ltr'>Unde</span> <span class='ocrx_word' id='word_1_243' title='bbox 1577 1219 1630 1256; x_wconf 88' lang='lat' dir='ltr'>ait</span> <span class='ocrx_word' id='word_1_244' title='bbox 1651 1220 1784 1265; x_wconf 69' lang='lat' dir='ltr'><strong><em>Anqu-</em></strong></span> 
     </span>
     <span class='ocr_line' id='line_1_24' title="bbox 142 1260 1781 1311; baseline 0.005 -15"><span class='ocrx_word' id='word_1_245' title='bbox 142 1271 262 1305; x_wconf 89' lang='lat' dir='ltr'>scere,</span> <span class='ocrx_word' id='word_1_246' title='bbox 285 1264 324 1297; x_wconf 87' lang='lat' dir='ltr'>et</span> <span class='ocrx_word' id='word_1_247' title='bbox 352 1260 437 1297; x_wconf 87' lang='lat' dir='ltr'>ideo</span> <span class='ocrx_word' id='word_1_248' title='bbox 466 1261 662 1298; x_wconf 73' lang='lat' dir='ltr'>laborabat</span> <span class='ocrx_word' id='word_1_249' title='bbox 689 1272 736 1297; x_wconf 89' lang='lat' dir='ltr'>ne</span> <span class='ocrx_word' id='word_1_250' title='bbox 756 1262 926 1298; x_wconf 88' lang='lat' dir='ltr'>Christus</span> <span class='ocrx_word' id='word_1_251' title='bbox 1000 1263 1120 1298; x_wconf 67' lang='lat' dir='ltr'>sitinus</span> <span class='ocrx_word' id='word_1_252' title='bbox 1141 1275 1151 1298; x_wconf 85' lang='lat'>:</span> <span class='ocrx_word' id='word_1_253' title='bbox 1174 1277 1193 1296; x_wconf 89' lang='lat'>«</span> <span class='ocrx_word' id='word_1_254' title='bbox 1208 1263 1235 1299; x_wconf 94' lang='grc' dir='ltr'><strong>Ο</strong></span> <span class='ocrx_word' id='word_1_255' title='bbox 1257 1264 1409 1301; x_wconf 86' lang='lat' dir='ltr'>caecitas</span> <span class='ocrx_word' id='word_1_256' title='bbox 1422 1266 1658 1311; x_wconf 84' lang='lat' dir='ltr'>Judaeorum,</span> <span class='ocrx_word' id='word_1_257' title='bbox 1682 1278 1703 1303; x_wconf 92' lang='lat' dir='ltr'>o</span> <span class='ocrx_word' id='word_1_258' title='bbox 1724 1268 1781 1304; x_wconf 77' lang='lat' dir='ltr'>fu-</span> 
     </span>
     <span class='ocr_line' id='line_1_25' title="bbox 143 1308 1782 1357; baseline 0.005 -13"><span class='ocrx_word' id='word_1_259' title='bbox 143 1312 371 1345; x_wconf 87' lang='lat' dir='ltr'>moreretur.</span> <span class='ocrx_word' id='word_1_260' title='bbox 399 1309 510 1345; x_wconf 87' lang='lat' dir='ltr'>Forte</span> <span class='ocrx_word' id='word_1_261' title='bbox 532 1309 612 1355; x_wconf 75' lang='lat' dir='ltr'>Jam</span> <span class='ocrx_word' id='word_1_262' title='bbox 647 1308 774 1346; x_wconf 83' lang='lat' dir='ltr'>Sancti</span> <span class='ocrx_word' id='word_1_263' title='bbox 807 1308 845 1345; x_wconf 90' lang='lat' dir='ltr'>in</span> <span class='ocrx_word' id='word_1_264' title='bbox 871 1308 927 1345; x_wconf 86' lang='lat' dir='ltr'>in·</span> <span class='ocrx_word' id='word_1_265' title='bbox 1001 1308 1058 1346; x_wconf 85' lang='lat' dir='ltr'>ria</span> <span class='ocrx_word' id='word_1_266' title='bbox 1095 1310 1427 1357; x_wconf 86' lang='lat' dir='ltr'>phreneticoruml</span> <span class='ocrx_word' id='word_1_267' title='bbox 1468 1313 1552 1350; x_wconf 92' lang='lat' dir='ltr'>Noli</span> <span class='ocrx_word' id='word_1_268' title='bbox 1590 1314 1782 1353; x_wconf 80' lang='lat' dir='ltr'>dimittere</span> 
     </span>
     <span class='ocr_line' id='line_1_26' title="bbox 140 1356 1781 1408; baseline 0.005 -17"><span class='ocrx_word' id='word_1_269' title='bbox 140 1356 245 1392; x_wconf 85' lang='lat' dir='ltr'>seruo</span> <span class='ocrx_word' id='word_1_270' title='bbox 267 1356 498 1403; x_wconf 85' lang='lat' dir='ltr'>gaudebant,</span> <span class='ocrx_word' id='word_1_271' title='bbox 521 1357 620 1393; x_wconf 89' lang='lat' dir='ltr'>unde</span> <span class='ocrx_word' id='word_1_272' title='bbox 653 1357 725 1394; x_wconf 88' lang='lat' dir='ltr'>hoc</span> <span class='ocrx_word' id='word_1_273' title='bbox 752 1360 922 1393; x_wconf 80' lang='lat' dir='ltr'>noverat.</span> <span class='ocrx_word' id='word_1_274' title='bbox 1000 1356 1114 1402; x_wconf 92' lang='lat' dir='ltr'>hunc,</span> <span class='ocrx_word' id='word_1_275' title='bbox 1136 1359 1203 1395; x_wconf 87' lang='lat' dir='ltr'>sed</span> <span class='ocrx_word' id='word_1_276' title='bbox 1229 1360 1452 1405; x_wconf 83' lang='lat' dir='ltr'>Barrabam,</span> <span class='ocrx_word' id='word_1_277' title='bbox 1474 1361 1564 1408; x_wconf 85' lang='lat' dir='ltr'>quid</span> <span class='ocrx_word' id='word_1_278' title='bbox 1583 1363 1652 1398; x_wconf 85' lang='lat' dir='ltr'>suit</span> <span class='ocrx_word' id='word_1_279' title='bbox 1679 1362 1781 1400; x_wconf 90' lang='lat' dir='ltr'>aliud</span> 
     </span>
     <span class='ocr_line' id='line_1_27' title="bbox 139 1403 1779 1456; baseline 0.004 -16"><span class='ocrx_word' id='word_1_280' title='bbox 139 1404 247 1448; x_wconf 88' lang='lat' dir='ltr'>Nam,</span> <span class='ocrx_word' id='word_1_281' title='bbox 267 1408 308 1441; x_wconf 92' lang='lat' dir='ltr'>ut</span> <span class='ocrx_word' id='word_1_282' title='bbox 335 1403 386 1441; x_wconf 91' lang='lat' dir='ltr'>ait</span> <span class='ocrx_word' id='word_1_283' title='bbox 406 1405 649 1449; x_wconf 73' lang='lat' dir='ltr'>Auqustinus.</span> <span class='ocrx_word' id='word_1_284' title='bbox 668 1404 795 1441; x_wconf 88' lang='lat' dir='ltr'>anima</span> <span class='ocrx_word' id='word_1_285' title='bbox 816 1405 925 1441; x_wconf 86' lang='lat' dir='ltr'>Laza-</span> <span class='ocrx_word' id='word_1_286' title='bbox 1000 1403 1140 1450; x_wconf 85' lang='lat' dir='ltr'>dicere,</span> <span class='ocrx_word' id='word_1_287' title='bbox 1163 1417 1276 1452; x_wconf 84' lang='lat' dir='ltr'>quam</span> <span class='ocrx_word' id='word_1_288' title='bbox 1299 1407 1492 1445; x_wconf 85' lang='lat' dir='ltr'>occidatur</span> <span class='ocrx_word' id='word_1_289' title='bbox 1510 1409 1586 1453; x_wconf 82' lang='lat' dir='ltr'>ille,</span> <span class='ocrx_word' id='word_1_290' title='bbox 1611 1410 1673 1456; x_wconf 90' lang='lat' dir='ltr'>qui</span> <span class='ocrx_word' id='word_1_291' title='bbox 1695 1421 1779 1447; x_wconf 89' lang='lat' dir='ltr'>sus-</span> 
     </span>
     <span class='ocr_line' id='line_1_28' title="bbox 140 1451 1779 1500; baseline 0.005 -13"><span class='ocrx_word' id='word_1_292' title='bbox 140 1451 172 1487; x_wconf 92' lang='lat' dir='ltr'>ri</span> <span class='ocrx_word' id='word_1_293' title='bbox 194 1455 370 1488; x_wconf 85' lang='lat' dir='ltr'>revocata</span> <span class='ocrx_word' id='word_1_294' title='bbox 388 1452 435 1488; x_wconf 86' lang='lat' dir='ltr'>ad</span> <span class='ocrx_word' id='word_1_295' title='bbox 457 1463 629 1498; x_wconf 88' lang='lat' dir='ltr'>superos,</span> <span class='ocrx_word' id='word_1_296' title='bbox 644 1452 780 1489; x_wconf 82' lang='lat' dir='ltr'>animae</span> <span class='ocrx_word' id='word_1_297' title='bbox 801 1452 840 1488; x_wconf 91' lang='lat' dir='ltr'>in</span> <span class='ocrx_word' id='word_1_298' title='bbox 863 1452 922 1488; x_wconf 89' lang='lat' dir='ltr'>in·</span> <span class='ocrx_word' id='word_1_299' title='bbox 998 1452 1125 1489; x_wconf 87' lang='lat' dir='ltr'>citavit</span> <span class='ocrx_word' id='word_1_300' title='bbox 1142 1458 1326 1500; x_wconf 92' lang='lat' dir='ltr'>mortuos,</span> <span class='ocrx_word' id='word_1_301' title='bbox 1340 1459 1377 1491; x_wconf 93' lang='lat' dir='ltr'>et</span> <span class='ocrx_word' id='word_1_302' title='bbox 1396 1455 1609 1493; x_wconf 86' lang='lat' dir='ltr'>dimittatur</span> <span class='ocrx_word' id='word_1_303' title='bbox 1623 1458 1720 1494; x_wconf 88' lang='lat' dir='ltr'>latro</span> <span class='ocrx_word' id='word_1_304' title='bbox 1740 1462 1779 1495; x_wconf 93' lang='lat' dir='ltr'>ut</span> 
     </span>
     <span class='ocr_line' id='line_1_29' title="bbox 139 1499 1776 1548; baseline 0.005 -14"><span class='ocrx_word' id='word_1_305' title='bbox 139 1499 246 1536; x_wconf 85' lang='lat' dir='ltr'>seruo</span> <span class='ocrx_word' id='word_1_306' title='bbox 265 1504 526 1546; x_wconf 82' lang='lat' dir='ltr'>cognoverunt</span> <span class='ocrx_word' id='word_1_307' title='bbox 544 1499 748 1536; x_wconf 89' lang='lat' dir='ltr'>Dominum</span> <span class='ocrx_word' id='word_1_308' title='bbox 772 1500 818 1537; x_wconf 89' lang='lat' dir='ltr'>de</span> <span class='ocrx_word' id='word_1_309' title='bbox 837 1511 921 1548; x_wconf 90' lang='lat' dir='ltr'>pro·</span> <span class='ocrx_word' id='word_1_310' title='bbox 996 1499 1133 1537; x_wconf 89' lang='lat' dir='ltr'>iterum</span> <span class='ocrx_word' id='word_1_311' title='bbox 1155 1502 1303 1539; x_wconf 85' lang='lat' dir='ltr'>occidat</span> <span class='ocrx_word' id='word_1_312' title='bbox 1321 1502 1451 1540; x_wconf 83' lang='lat' dir='ltr'>vivos?</span> <span class='ocrx_word' id='word_1_313' title='bbox 1474 1518 1491 1537; x_wconf 89' lang='lat'>»</span> <span class='ocrx_word' id='word_1_314' title='bbox 1517 1505 1619 1541; x_wconf 87' lang='lat' dir='ltr'>Unde</span> <span class='ocrx_word' id='word_1_315' title='bbox 1644 1510 1681 1542; x_wconf 88' lang='lat' dir='ltr'>et</span> <span class='ocrx_word' id='word_1_316' title='bbox 1697 1507 1776 1542; x_wconf 83' lang='lat' dir='ltr'>An-</span> 
     </span>
     <span class='ocr_line' id='line_1_30' title="bbox 137 1546 1775 1592; baseline 0.004 -9"><span class='ocrx_word' id='word_1_317' title='bbox 137 1546 238 1583; x_wconf 85' lang='lat' dir='ltr'>ximo</span> <span class='ocrx_word' id='word_1_318' title='bbox 262 1547 533 1583; x_wconf 88' lang='lat' dir='ltr'>descensurum</span> <span class='ocrx_word' id='word_1_319' title='bbox 565 1547 614 1584; x_wconf 90' lang='lat' dir='ltr'>ad</span> <span class='ocrx_word' id='word_1_320' title='bbox 637 1548 792 1592; x_wconf 78' lang='lat' dir='ltr'>inserOS,</span> <span class='ocrx_word' id='word_1_321' title='bbox 817 1548 920 1585; x_wconf 90' lang='lat' dir='ltr'>unde</span> <span class='ocrx_word' id='word_1_322' title='bbox 995 1550 1128 1585; x_wconf 77' lang='lat' dir='ltr'>selmlcs</span> <span class='ocrx_word' id='word_1_323' title='bbox 1151 1562 1160 1585; x_wconf 90' lang='lat'>:</span> <span class='ocrx_word' id='word_1_324' title='bbox 1185 1565 1201 1581; x_wconf 75' lang='lat' dir='ltr'>u</span> <span class='ocrx_word' id='word_1_325' title='bbox 1224 1551 1357 1587; x_wconf 89' lang='lat' dir='ltr'>Adhuc</span> <span class='ocrx_word' id='word_1_326' title='bbox 1386 1554 1513 1588; x_wconf 88' lang='lat' dir='ltr'>autem</span> <span class='ocrx_word' id='word_1_327' title='bbox 1545 1556 1581 1588; x_wconf 90' lang='lat' dir='ltr'>et</span> <span class='ocrx_word' id='word_1_328' title='bbox 1609 1553 1775 1590; x_wconf 85' lang='lat' dir='ltr'>animam</span> 
     </span>
     <span class='ocr_line' id='line_1_31' title="bbox 138 1595 1775 1646; baseline 0.004 -16"><span class='ocrx_word' id='word_1_329' title='bbox 138 1598 290 1631; x_wconf 87' lang='lat' dir='ltr'>extunc</span> <span class='ocrx_word' id='word_1_330' title='bbox 314 1595 567 1639; x_wconf 79' lang='lat' dir='ltr'>laetabantur3</span> <span class='ocrx_word' id='word_1_331' title='bbox 592 1598 627 1631; x_wconf 85' lang='lat' dir='ltr'>et</span> <span class='ocrx_word' id='word_1_332' title='bbox 656 1595 817 1632; x_wconf 83' lang='lat' dir='ltr'>maxime</span> <span class='ocrx_word' id='word_1_333' title='bbox 839 1595 922 1632; x_wconf 90' lang='lat' dir='ltr'>dia·</span> <span class='ocrx_word' id='word_1_334' title='bbox 994 1598 1099 1632; x_wconf 79' lang='lat' dir='ltr'>tuam</span> <span class='ocrx_word' id='word_1_335' title='bbox 1125 1596 1388 1635; x_wconf 81' lang='lat' dir='ltr'>incircumciso</span> <span class='ocrx_word' id='word_1_336' title='bbox 1429 1599 1512 1636; x_wconf 86' lang='lat' dir='ltr'>caui</span> <span class='ocrx_word' id='word_1_337' title='bbox 1541 1600 1775 1646; x_wconf 81' lang='lat' dir='ltr'>glutiendam</span> 
     </span>
     <span class='ocr_line' id='line_1_32' title="bbox 135 1642 1775 1694; baseline 0.004 -16"><span class='ocrx_word' id='word_1_338' title='bbox 135 1642 246 1678; x_wconf 88' lang='lat' dir='ltr'>bolus</span> <span class='ocrx_word' id='word_1_339' title='bbox 288 1642 360 1679; x_wconf 91' lang='lat' dir='ltr'>hoc</span> <span class='ocrx_word' id='word_1_340' title='bbox 396 1642 587 1689; x_wconf 84' lang='lat' dir='ltr'>cognovit,</span> <span class='ocrx_word' id='word_1_341' title='bbox 619 1654 705 1679; x_wconf 89' lang='lat' dir='ltr'>cum</span> <span class='ocrx_word' id='word_1_342' title='bbox 736 1644 917 1680; x_wconf 80' lang='lat' dir='ltr'>Dominus</span> <span class='ocrx_word' id='word_1_343' title='bbox 993 1644 1256 1689; x_wconf 82' lang='lat' dir='ltr'>tradiderunt3</span> <span class='ocrx_word' id='word_1_344' title='bbox 1281 1645 1449 1682; x_wconf 78' lang='lat' dir='ltr'>vinctum</span> <span class='ocrx_word' id='word_1_345' title='bbox 1478 1646 1663 1694; x_wconf 85' lang='lat' dir='ltr'>siquidem</span> <span class='ocrx_word' id='word_1_346' title='bbox 1687 1652 1775 1686; x_wconf 86' lang='lat' dir='ltr'>ante</span> 
     </span>
     <span class='ocr_line' id='line_1_33' title="bbox 135 1689 1771 1742; baseline 0.005 -17"><span class='ocrx_word' id='word_1_347' title='bbox 135 1689 301 1726; x_wconf 88' lang='lat' dir='ltr'>clamore</span> <span class='ocrx_word' id='word_1_348' title='bbox 340 1690 464 1727; x_wconf 83' lang='lat' dir='ltr'>valido</span> <span class='ocrx_word' id='word_1_349' title='bbox 498 1690 665 1727; x_wconf 88' lang='lat' dir='ltr'>animam</span> <span class='ocrx_word' id='word_1_350' title='bbox 703 1691 913 1736; x_wconf 76' lang='lat' dir='ltr'>exhalavit;</span> <span class='ocrx_word' id='word_1_351' title='bbox 993 1691 1126 1728; x_wconf 82' lang='lat' dir='ltr'>faciem</span> <span class='ocrx_word' id='word_1_352' title='bbox 1140 1692 1771 1742; x_wconf 80' lang='lat' dir='ltr'>Pilatipraesidisteperduxerunt,</span> 
     </span>
     <span class='ocr_line' id='line_1_34' title="bbox 133 1737 1775 1788; baseline 0.004 -15"><span class='ocrx_word' id='word_1_353' title='bbox 133 1737 206 1782; x_wconf 86' lang='lat' dir='ltr'>vel,</span> <span class='ocrx_word' id='word_1_354' title='bbox 229 1737 343 1774; x_wconf 85' lang='lat' dir='ltr'>etiam</span> <span class='ocrx_word' id='word_1_355' title='bbox 368 1747 437 1785; x_wconf 90' lang='lat' dir='ltr'>per</span> <span class='ocrx_word' id='word_1_356' title='bbox 475 1737 757 1783; x_wconf 85' lang='lat' dir='ltr'>Scripturarum</span> <span class='ocrx_word' id='word_1_357' title='bbox 778 1737 913 1786; x_wconf 85' lang='lat' dir='ltr'>imple·</span> <span class='ocrx_word' id='word_1_358' title='bbox 990 1741 1225 1786; x_wconf 87' lang='lat' dir='ltr'>postulantes</span> <span class='ocrx_word' id='word_1_359' title='bbox 1264 1741 1447 1788; x_wconf 90' lang='lat' dir='ltr'>supplicio</span> <span class='ocrx_word' id='word_1_360' title='bbox 1487 1742 1609 1780; x_wconf 84' lang='lat' dir='ltr'>crucis</span> <span class='ocrx_word' id='word_1_361' title='bbox 1646 1743 1775 1780; x_wconf 89' lang='lat' dir='ltr'>interi-</span> 
     </span>
     <span class='ocr_line' id='line_1_35' title="bbox 132 1784 1776 1836; baseline 0.004 -15"><span class='ocrx_word' id='word_1_362' title='bbox 132 1784 275 1822; x_wconf 88' lang='lat' dir='ltr'>tionem</span> <span class='ocrx_word' id='word_1_363' title='bbox 295 1786 366 1822; x_wconf 87' lang='lat' dir='ltr'>hoc</span> <span class='ocrx_word' id='word_1_364' title='bbox 382 1785 597 1833; x_wconf 85' lang='lat' dir='ltr'>perpendit,</span> <span class='ocrx_word' id='word_1_365' title='bbox 621 1786 710 1833; x_wconf 89' lang='lat' dir='ltr'>quia</span> <span class='ocrx_word' id='word_1_366' title='bbox 731 1788 768 1822; x_wconf 91' lang='lat' dir='ltr'>in</span> <span class='ocrx_word' id='word_1_367' title='bbox 789 1785 917 1823; x_wconf 88' lang='lat' dir='ltr'>Domi·</span> <span class='ocrx_word' id='word_1_368' title='bbox 991 1797 1109 1832; x_wconf 89' lang='lat' dir='ltr'>mere,</span> <span class='ocrx_word' id='word_1_369' title='bbox 1137 1787 1200 1835; x_wconf 86' lang='lat' dir='ltr'>qui</span> <span class='ocrx_word' id='word_1_370' title='bbox 1226 1795 1422 1835; x_wconf 87' lang='lat' dir='ltr'>peccatum</span> <span class='ocrx_word' id='word_1_371' title='bbox 1447 1800 1523 1826; x_wconf 89' lang='lat' dir='ltr'>non</span> <span class='ocrx_word' id='word_1_372' title='bbox 1550 1791 1709 1836; x_wconf 82' lang='lat' dir='ltr'>feceras,</span> <span class='ocrx_word' id='word_1_373' title='bbox 1738 1795 1776 1828; x_wconf 90' lang='lat' dir='ltr'>et</span> 
     </span>
     <span class='ocr_line' id='line_1_36' title="bbox 133 1831 1775 1885; baseline 0.005 -17"><span class='ocrx_word' id='word_1_374' title='bbox 133 1844 182 1869; x_wconf 89' lang='lat'>110</span> <span class='ocrx_word' id='word_1_375' title='bbox 202 1843 266 1870; x_wconf 85' lang='lat' dir='ltr'>eas</span> <span class='ocrx_word' id='word_1_376' title='bbox 282 1831 431 1880; x_wconf 90' lang='lat' dir='ltr'>impleri</span> <span class='ocrx_word' id='word_1_377' title='bbox 453 1833 559 1870; x_wconf 88' lang='lat' dir='ltr'>vidit.</span> <span class='ocrx_word' id='word_1_378' title='bbox 579 1834 687 1878; x_wconf 88' lang='lat' dir='ltr'>Quod</span> <span class='ocrx_word' id='word_1_379' title='bbox 708 1845 797 1881; x_wconf 88' lang='lat' dir='ltr'>ergo</span> <span class='ocrx_word' id='word_1_380' title='bbox 819 1845 914 1871; x_wconf 76' lang='lat' dir='ltr'>uxor</span> <span class='ocrx_word' id='word_1_381' title='bbox 952 1852 954 1858; x_wconf 50' lang='lat' dir='ltr'>v</span> <span class='ocrx_word' id='word_1_382' title='bbox 990 1834 1112 1871; x_wconf 85' lang='lat' dir='ltr'>virum</span> <span class='ocrx_word' id='word_1_383' title='bbox 1126 1835 1357 1873; x_wconf 89' lang='lat' dir='ltr'>homicidam</span> <span class='ocrx_word' id='word_1_384' title='bbox 1369 1837 1502 1875; x_wconf 87' lang='lat' dir='ltr'>donari</span> <span class='ocrx_word' id='word_1_385' title='bbox 1515 1838 1586 1876; x_wconf 88' lang='lat' dir='ltr'>sibi</span> <span class='ocrx_word' id='word_1_386' title='bbox 1607 1850 1615 1875; x_wconf 91' lang='lat'>:</span> <span class='ocrx_word' id='word_1_387' title='bbox 1633 1849 1775 1885; x_wconf 86' lang='lat' dir='ltr'>agnum</span> 
     </span>
     <span class='ocr_line' id='line_1_37' title="bbox 133 1861 1774 1933; baseline 0.005 -17"><span class='ocrx_word' id='word_1_388' title='bbox 133 1880 242 1917; x_wconf 87' lang='lat' dir='ltr'>Pilati</span> <span class='ocrx_word' id='word_1_389' title='bbox 265 1881 399 1928; x_wconf 87' lang='lat' dir='ltr'>etipse</span> <span class='ocrx_word' id='word_1_390' title='bbox 413 1881 553 1918; x_wconf 87' lang='lat' dir='ltr'>Pilatus</span> <span class='ocrx_word' id='word_1_391' title='bbox 574 1882 747 1919; x_wconf 86' lang='lat' dir='ltr'>fecerunt</span> <span class='ocrx_word' id='word_1_392' title='bbox 763 1885 912 1919; x_wconf 89' lang='lat' dir='ltr'>tantum</span> <span class='ocrx_word' id='word_1_393' title='bbox 951 1861 955 1900; x_wconf 41' lang='grc' dir='ltr'><strong>ι</strong></span> <span class='ocrx_word' id='word_1_394' title='bbox 988 1882 1092 1929; x_wconf 89' lang='lat' dir='ltr'>lupo,</span> <span class='ocrx_word' id='word_1_395' title='bbox 1134 1894 1268 1921; x_wconf 86' lang='lat' dir='ltr'>aurum</span> <span class='ocrx_word' id='word_1_396' title='bbox 1306 1885 1385 1921; x_wconf 87' lang='lat' dir='ltr'>luto</span> <span class='ocrx_word' id='word_1_397' title='bbox 1425 1890 1712 1933; x_wconf 85' lang='lat' dir='ltr'>postponentes.</span> <span class='ocrx_word' id='word_1_398' title='bbox 1745 1888 1774 1925; x_wconf 92' lang='grc' dir='ltr'><strong>Ο</strong></span> 
     </span>
     <span class='ocr_line' id='line_1_38' title="bbox 133 1928 1772 1977; baseline 0.002 -13"><span class='ocrx_word' id='word_1_399' title='bbox 133 1939 199 1974; x_wconf 88' lang='lat' dir='ltr'>pro</span> <span class='ocrx_word' id='word_1_400' title='bbox 231 1928 457 1966; x_wconf 86' lang='lat' dir='ltr'>liberatione</span> <span class='ocrx_word' id='word_1_401' title='bbox 479 1929 632 1975; x_wconf 89' lang='lat' dir='ltr'>Christi,</span> <span class='ocrx_word' id='word_1_402' title='bbox 653 1933 775 1967; x_wconf 88' lang='lat' dir='ltr'>totum</span> <span class='ocrx_word' id='word_1_403' title='bbox 801 1934 911 1977; x_wconf 89' lang='lat' dir='ltr'>puta·</span> <span class='ocrx_word' id='word_1_404' title='bbox 988 1930 1188 1977; x_wconf 83' lang='lat' dir='ltr'>indignum</span> <span class='ocrx_word' id='word_1_405' title='bbox 1211 1935 1251 1968; x_wconf 90' lang='lat' dir='ltr'>et</span> <span class='ocrx_word' id='word_1_406' title='bbox 1276 1931 1407 1969; x_wconf 85' lang='lat' dir='ltr'>infelix</span> <span class='ocrx_word' id='word_1_407' title='bbox 1433 1934 1722 1971; x_wconf 85' lang='lat' dir='ltr'>concambium!</span> <span class='ocrx_word' id='word_1_408' title='bbox 1754 1949 1772 1968; x_wconf 64' lang='grc' dir='ltr'>η</span> 
     </span>
     <span class='ocr_line' id='line_1_39' title="bbox 130 1975 911 2024; baseline 0.003 -12"><span class='ocrx_word' id='word_1_409' title='bbox 130 1979 191 2012; x_wconf 87' lang='lat' dir='ltr'>tur</span> <span class='ocrx_word' id='word_1_410' title='bbox 219 1975 333 2014; x_wconf 84' lang='lat' dir='ltr'>fuisse</span> <span class='ocrx_word' id='word_1_411' title='bbox 373 1988 417 2014; x_wconf 84' lang='lat' dir='ltr'>ex</span> <span class='ocrx_word' id='word_1_412' title='bbox 453 1977 635 2014; x_wconf 86' lang='lat' dir='ltr'>instinctu</span> <span class='ocrx_word' id='word_1_413' title='bbox 667 1978 824 2022; x_wconf 88' lang='lat' dir='ltr'>diaboli,</span> <span class='ocrx_word' id='word_1_414' title='bbox 848 1977 911 2024; x_wconf 90' lang='lat' dir='ltr'>qui</span> 
     </span>
     <span class='ocr_line' id='line_1_40' title="bbox 130 2024 912 2072; baseline 0.003 -12"><span class='ocrx_word' id='word_1_415' title='bbox 130 2034 198 2070; x_wconf 89' lang='lat' dir='ltr'>per</span> <span class='ocrx_word' id='word_1_416' title='bbox 219 2024 382 2061; x_wconf 86' lang='lat' dir='ltr'>Pilatum</span> <span class='ocrx_word' id='word_1_417' title='bbox 403 2028 440 2061; x_wconf 92' lang='lat' dir='ltr'>et</span> <span class='ocrx_word' id='word_1_418' title='bbox 454 2026 535 2072; x_wconf 87' lang='lat' dir='ltr'>ejus</span> <span class='ocrx_word' id='word_1_419' title='bbox 549 2036 704 2062; x_wconf 77' lang='lat' dir='ltr'>uxorem</span> <span class='ocrx_word' id='word_1_420' title='bbox 720 2027 912 2062; x_wconf 82' lang='lat' dir='ltr'>nitebatur</span> 
     </span>
     <span class='ocr_line' id='line_1_41' title="bbox 129 2071 912 2120; baseline 0.003 -12"><span class='ocrx_word' id='word_1_421' title='bbox 129 2071 315 2119; x_wconf 90' lang='lat' dir='ltr'>impedire</span> <span class='ocrx_word' id='word_1_422' title='bbox 328 2076 494 2109; x_wconf 85' lang='lat' dir='ltr'>nostram</span> <span class='ocrx_word' id='word_1_423' title='bbox 507 2073 807 2120; x_wconf 88' lang='lat' dir='ltr'>redemptionem</span> <span class='ocrx_word' id='word_1_424' title='bbox 821 2085 828 2119; x_wconf 90' lang='lat'><em>;</em></span> <span class='ocrx_word' id='word_1_425' title='bbox 844 2073 912 2110; x_wconf 89' lang='lat' dir='ltr'>sic-</span> 
     </span>
     <span class='ocr_line' id='line_1_42' title="bbox 131 2119 912 2167; baseline 0.004 -12"><span class='ocrx_word' id='word_1_426' title='bbox 131 2122 171 2156; x_wconf 89' lang='lat' dir='ltr'>ut</span> <span class='ocrx_word' id='word_1_427' title='bbox 190 2119 279 2156; x_wconf 90' lang='lat' dir='ltr'>olim</span> <span class='ocrx_word' id='word_1_428' title='bbox 305 2131 372 2167; x_wconf 87' lang='lat' dir='ltr'>per</span> <span class='ocrx_word' id='word_1_429' title='bbox 391 2121 510 2157; x_wconf 81' lang='lat' dir='ltr'>Adam</span> <span class='ocrx_word' id='word_1_430' title='bbox 531 2125 569 2158; x_wconf 89' lang='lat' dir='ltr'>et</span> <span class='ocrx_word' id='word_1_431' title='bbox 589 2123 703 2158; x_wconf 87' lang='lat' dir='ltr'>Evam</span> <span class='ocrx_word' id='word_1_432' title='bbox 723 2121 812 2158; x_wconf 86' lang='lat' dir='ltr'>fecit</span> <span class='ocrx_word' id='word_1_433' title='bbox 836 2132 912 2158; x_wconf 88' lang='lat' dir='ltr'>no-</span> 
     </span>
     <span class='ocr_line' id='line_1_43' title="bbox 131 2168 573 2206; baseline 0.007 -3"><span class='ocrx_word' id='word_1_434' title='bbox 131 2170 247 2204; x_wconf 87' lang='lat' dir='ltr'>stram</span> <span class='ocrx_word' id='word_1_435' title='bbox 272 2168 573 2206; x_wconf 87' lang='lat' dir='ltr'>damnationem.</span> 
     </span>
    </p>

    <p class='ocr_par' dir='ltr' id='par_1_3' title="bbox 130 2217 950 2463">
     <span class='ocr_line' id='line_1_44' title="bbox 177 2217 915 2260; baseline 0.004 -9"><span class='ocrx_word' id='word_1_436' title='bbox 177 2219 198 2260; x_wconf 76' lang='lat'>4</span> <span class='ocrx_word' id='word_1_437' title='bbox 216 2217 331 2252; x_wconf 75' lang='lat' dir='ltr'><strong>JUDAEI</strong></span> <span class='ocrx_word' id='word_1_438' title='bbox 352 2217 508 2253; x_wconf 80' lang='lat' dir='ltr'>Cmusm</span> <span class='ocrx_word' id='word_1_439' title='bbox 544 2218 741 2255; x_wconf 74' lang='lat' dir='ltr'>BARRABAM</span> <span class='ocrx_word' id='word_1_440' title='bbox 775 2229 915 2254; x_wconf 76' lang='lat' dir='ltr'>PRAEFE-</span> 
     </span>
     <span class='ocr_line' id='line_1_45' title="bbox 132 2266 950 2308; baseline 0.005 -9"><span class='ocrx_word' id='word_1_441' title='bbox 132 2274 251 2308; x_wconf 69' lang='lat' dir='ltr'>nuxr3</span> <span class='ocrx_word' id='word_1_442' title='bbox 274 2275 411 2305; x_wconf 54' lang='lat' dir='ltr'>Qunam</span> <span class='ocrx_word' id='word_1_443' title='bbox 432 2276 486 2301; x_wconf 82' lang='lat' dir='ltr'>1-:1s</span> <span class='ocrx_word' id='word_1_444' title='bbox 508 2267 679 2302; x_wconf 65' lang='lat' dir='ltr'>smnus?</span> <span class='ocrx_word' id='word_1_445' title='bbox 701 2287 744 2293; x_wconf 87' lang='lat'>-</span> <span class='ocrx_word' id='word_1_446' title='bbox 767 2266 912 2303; x_wconf 89' lang='lat' dir='ltr'>Pilatus</span> <span class='ocrx_word' id='word_1_447' title='bbox 948 2285 950 2291; x_wconf 91' lang='lat'>·</span> 
     </span>
     <span class='ocr_line' id='line_1_46' title="bbox 130 2313 911 2360; baseline 0.003 -12"><span class='ocrx_word' id='word_1_448' title='bbox 130 2321 221 2358; x_wconf 85' lang='lat' dir='ltr'>ergo</span> <span class='ocrx_word' id='word_1_449' title='bbox 242 2313 436 2358; x_wconf 85' lang='lat' dir='ltr'>quaerebat</span> <span class='ocrx_word' id='word_1_450' title='bbox 462 2313 509 2349; x_wconf 91' lang='lat' dir='ltr'>ab</span> <span class='ocrx_word' id='word_1_451' title='bbox 537 2313 605 2359; x_wconf 88' lang='lat' dir='ltr'>eis,</span> <span class='ocrx_word' id='word_1_452' title='bbox 629 2324 742 2360; x_wconf 89' lang='lat' dir='ltr'>quem</span> <span class='ocrx_word' id='word_1_453' title='bbox 771 2314 911 2350; x_wconf 87' lang='lat' dir='ltr'>vellent</span> 
     </span>
     <span class='ocr_line' id='line_1_47' title="bbox 130 2360 909 2406; baseline 0.005 -12"><span class='ocrx_word' id='word_1_454' title='bbox 130 2362 286 2406; x_wconf 86' lang='lat' dir='ltr'>propter</span> <span class='ocrx_word' id='word_1_455' title='bbox 303 2360 489 2397; x_wconf 89' lang='lat' dir='ltr'>honorem</span> <span class='ocrx_word' id='word_1_456' title='bbox 512 2360 595 2398; x_wconf 82' lang='lat' dir='ltr'>festi</span> <span class='ocrx_word' id='word_1_457' title='bbox 614 2361 684 2398; x_wconf 92' lang='lat' dir='ltr'>sibi</span> <span class='ocrx_word' id='word_1_458' title='bbox 703 2361 841 2398; x_wconf 87' lang='lat' dir='ltr'>dimitti</span> <span class='ocrx_word' id='word_1_459' title='bbox 862 2362 909 2398; x_wconf 91' lang='lat' dir='ltr'>de</span> 
     </span>
     <span class='ocr_line' id='line_1_48' title="bbox 132 2406 908 2463; baseline 0.005 -21"><span class='ocrx_word' id='word_1_460' title='bbox 132 2406 279 2443; x_wconf 84' lang='lat' dir='ltr'>duobus</span> <span class='ocrx_word' id='word_1_461' title='bbox 312 2407 515 2454; x_wconf 77' lang='lat' dir='ltr'>praedictis,</span> <span class='ocrx_word' id='word_1_462' title='bbox 536 2412 573 2445; x_wconf 86' lang='lat' dir='ltr'>et</span> <span class='ocrx_word' id='word_1_463' title='bbox 605 2409 711 2456; x_wconf 82' lang='lat' dir='ltr'>quasi</span> <span class='ocrx_word' id='word_1_464' title='bbox 733 2410 908 2463; x_wconf 67' lang='lat' dir='ltr'>exhorta3</span> 
     </span>
    </p>
   </div>
   <div class='ocr_carea' id='block_1_3' title="bbox 131 2453 1770 2554">
    <p class='ocr_par' dir='ltr' id='par_1_4' title="bbox 131 2453 1770 2554">
     <span class='ocr_line' id='line_1_49' title="bbox 131 2453 910 2503; baseline 0.004 -13"><span class='ocrx_word' id='word_1_465' title='bbox 131 2453 207 2490; x_wconf 79' lang='lat' dir='ltr'>tive</span> <span class='ocrx_word' id='word_1_466' title='bbox 231 2455 414 2500; x_wconf 82' lang='lat' dir='ltr'>expressit</span> <span class='ocrx_word' id='word_1_467' title='bbox 434 2455 643 2500; x_wconf 87' lang='lat' dir='ltr'>Christum,</span> <span class='ocrx_word' id='word_1_468' title='bbox 665 2468 854 2503; x_wconf 82' lang='lat' dir='ltr'>quaerens,</span> <span class='ocrx_word' id='word_1_469' title='bbox 879 2468 910 2493; x_wconf 85' lang='lat' dir='ltr'>Sl</span> 
     </span>
     <span class='ocr_line' id='line_1_50' title="bbox 133 2502 1770 2554; baseline 0.005 -17"><span class='ocrx_word' id='word_1_470' title='bbox 133 2502 270 2538; x_wconf 87' lang='lat' dir='ltr'>vellent</span> <span class='ocrx_word' id='word_1_471' title='bbox 298 2502 434 2538; x_wconf 90' lang='lat' dir='ltr'>dimitti</span> <span class='ocrx_word' id='word_1_472' title='bbox 463 2514 591 2547; x_wconf 54' lang='lat' dir='ltr'>renem</span> <span class='ocrx_word' id='word_1_473' title='bbox 618 2506 851 2541; x_wconf 80' lang='lat' dir='ltr'>Judaeorum.</span> <span class='ocrx_word' id='word_1_474' title='bbox 874 2506 908 2541; x_wconf 94' lang='grc' dir='ltr'>Ι-</span> <span class='ocrx_word' id='word_1_475' title='bbox 984 2507 1167 2542; x_wconf 81' lang='lat' dir='ltr'>hacteuus</span> <span class='ocrx_word' id='word_1_476' title='bbox 1194 2516 1293 2549; x_wconf 77' lang='lat' dir='ltr'>eam,</span> <span class='ocrx_word' id='word_1_477' title='bbox 1322 2517 1438 2554; x_wconf 86' lang='lat' dir='ltr'>quam</span> <span class='ocrx_word' id='word_1_478' title='bbox 1459 2508 1680 2552; x_wconf 76' lang='lat' dir='ltr'>vendidere,</span> <span class='ocrx_word' id='word_1_479' title='bbox 1713 2508 1770 2545; x_wconf 77' lang='lat' dir='ltr'>vel</span> 
     </span>
    </p>
   </div>
   <div class='ocr_carea' id='block_1_4' title="bbox 132 2460 1774 2828">
    <p class='ocr_par' dir='ltr' id='par_1_5' title="bbox 132 2460 1774 2828">
     <span class='ocr_line' id='line_1_51' title="bbox 948 2460 951 2480; baseline 0 0"><span class='ocrx_word' id='word_1_480' title='bbox 948 2460 951 2480; x_wconf 81' lang='lat' dir='ltr'>l</span> 
     </span>
     <span class='ocr_line' id='line_1_52' title="bbox 132 2530 1774 2603; baseline 0.004 -17"><span class='ocrx_word' id='word_1_481' title='bbox 132 2549 189 2596; x_wconf 88' lang='lat' dir='ltr'>psi</span> <span class='ocrx_word' id='word_1_482' title='bbox 208 2561 296 2586; x_wconf 90' lang='lat' dir='ltr'>vero</span> <span class='ocrx_word' id='word_1_483' title='bbox 320 2550 435 2586; x_wconf 75' lang='lat' dir='ltr'>niruio</span> <span class='ocrx_word' id='word_1_484' title='bbox 457 2551 543 2587; x_wconf 87' lang='lat' dir='ltr'>odio</span> <span class='ocrx_word' id='word_1_485' title='bbox 566 2557 698 2589; x_wconf 81' lang='lat' dir='ltr'>eontra</span> <span class='ocrx_word' id='word_1_486' title='bbox 717 2552 908 2589; x_wconf 67' lang='lat' dir='ltr'>Clu-istum</span> <span class='ocrx_word' id='word_1_487' title='bbox 948 2530 951 2588; x_wconf 72' lang='lat' dir='ltr'>l</span> <span class='ocrx_word' id='word_1_488' title='bbox 984 2552 1121 2589; x_wconf 72' lang='lat' dir='ltr'>auimce</span> <span class='ocrx_word' id='word_1_489' title='bbox 1141 2554 1197 2590; x_wconf 90' lang='lat' dir='ltr'>vel</span> <span class='ocrx_word' id='word_1_490' title='bbox 1216 2558 1385 2601; x_wconf 86' lang='lat' dir='ltr'>corporis</span> <span class='ocrx_word' id='word_1_491' title='bbox 1400 2555 1615 2592; x_wconf 85' lang='lat' dir='ltr'>libertatem</span> <span class='ocrx_word' id='word_1_492' title='bbox 1633 2558 1774 2603; x_wconf 79' lang='lat' dir='ltr'>recipe-</span> 
     </span>
     <span class='ocr_line' id='line_1_53' title="bbox 132 2597 1769 2828; baseline 0.004 -195"><span class='ocrx_word' id='word_1_493' title='bbox 132 2597 236 2641; x_wconf 88' lang='lat' dir='ltr'>moti‚</span> <span class='ocrx_word' id='word_1_494' title='bbox 263 2603 300 2634; x_wconf 90' lang='lat' dir='ltr'>et</span> <span class='ocrx_word' id='word_1_495' title='bbox 328 2598 517 2635; x_wconf 86' lang='lat' dir='ltr'>obstinato</span> <span class='ocrx_word' id='word_1_496' title='bbox 551 2600 664 2635; x_wconf 88' lang='lat' dir='ltr'>corde</span> <span class='ocrx_word' id='word_1_497' title='bbox 695 2599 734 2636; x_wconf 90' lang='lat' dir='ltr'>in</span> <span class='ocrx_word' id='word_1_498' title='bbox 763 2600 908 2636; x_wconf 83' lang='lat' dir='ltr'>malitia</span> <span class='ocrx_word' id='word_1_499' title='bbox 947 2648 952 2828; x_wconf 60' lang='grc' dir='ltr'><strong><em>ι</em></strong></span> <span class='ocrx_word' id='word_1_500' title='bbox 984 2612 1026 2636; x_wconf 87' lang='lat' dir='ltr'>re</span> <span class='ocrx_word' id='word_1_501' title='bbox 1054 2612 1129 2637; x_wconf 85' lang='lat' dir='ltr'>uon</span> <span class='ocrx_word' id='word_1_502' title='bbox 1151 2602 1382 2647; x_wconf 88' lang='lat' dir='ltr'>merueriut;</span> <span class='ocrx_word' id='word_1_503' title='bbox 1406 2606 1521 2650; x_wconf 86' lang='lat' dir='ltr'>atque</span> <span class='ocrx_word' id='word_1_504' title='bbox 1541 2604 1622 2641; x_wconf 88' lang='lat' dir='ltr'>ideo</span> <span class='ocrx_word' id='word_1_505' title='bbox 1647 2603 1769 2641; x_wconf 84' lang='lat' dir='ltr'>Judaei</span> 
     </span>
    </p>
   </div>
   <div class='ocr_carea' id='block_1_5' title="bbox 983 1979 1774 2506">
    <p class='ocr_par' dir='ltr' id='par_1_6' title="bbox 983 1979 1774 2506">
     <span class='ocr_line' id='line_1_54' title="bbox 989 1979 1774 2020; baseline 0.008 -6"><span class='ocrx_word' id='word_1_506' title='bbox 989 1979 1094 2015; x_wconf 84' lang='lat' dir='ltr'>Unde</span> <span class='ocrx_word' id='word_1_507' title='bbox 1125 1979 1241 2016; x_wconf 88' lang='lat' dir='ltr'>etiam</span> <span class='ocrx_word' id='word_1_508' title='bbox 1271 1981 1372 2016; x_wconf 78' lang='lat' dir='ltr'>Beda</span> <span class='ocrx_word' id='word_1_509' title='bbox 1397 1993 1407 2017; x_wconf 74' lang='grc' dir='ltr'><strong><em>ε</em></strong></span> <span class='ocrx_word' id='word_1_510' title='bbox 1437 1994 1455 2016; x_wconf 88' lang='lat'>«</span> <span class='ocrx_word' id='word_1_511' title='bbox 1491 1983 1617 2019; x_wconf 80' lang='lat' dir='ltr'>Haeret</span> <span class='ocrx_word' id='word_1_512' title='bbox 1646 1987 1774 2020; x_wconf 85' lang='lat' dir='ltr'>autem</span> 
     </span>
     <span class='ocr_line' id='line_1_55' title="bbox 985 2026 1772 2077; baseline 0.006 -15"><span class='ocrx_word' id='word_1_513' title='bbox 985 2026 1130 2063; x_wconf 85' lang='lat' dir='ltr'>Judaeis</span> <span class='ocrx_word' id='word_1_514' title='bbox 1147 2038 1266 2074; x_wconf 87' lang='lat' dir='ltr'>usque</span> <span class='ocrx_word' id='word_1_515' title='bbox 1287 2028 1401 2065; x_wconf 88' lang='lat' dir='ltr'>hodie</span> <span class='ocrx_word' id='word_1_516' title='bbox 1423 2040 1491 2066; x_wconf 90' lang='lat' dir='ltr'>sua</span> <span class='ocrx_word' id='word_1_517' title='bbox 1507 2032 1639 2077; x_wconf 89' lang='lat' dir='ltr'>petitio</span> <span class='ocrx_word' id='word_1_518' title='bbox 1659 2040 1772 2077; x_wconf 88' lang='lat' dir='ltr'>quam</span> 
     </span>
     <span class='ocr_line' id='line_1_56' title="bbox 985 2075 1770 2123; baseline 0.008 -13"><span class='ocrx_word' id='word_1_519' title='bbox 985 2077 1090 2111; x_wconf 87' lang='lat' dir='ltr'>tanto</span> <span class='ocrx_word' id='word_1_520' title='bbox 1112 2075 1242 2112; x_wconf 86' lang='lat' dir='ltr'>labore</span> <span class='ocrx_word' id='word_1_521' title='bbox 1262 2075 1574 2123; x_wconf 86' lang='lat' dir='ltr'>impetraverunt.</span> <span class='ocrx_word' id='word_1_522' title='bbox 1598 2078 1693 2122; x_wconf 87' lang='lat' dir='ltr'>Quia</span> <span class='ocrx_word' id='word_1_523' title='bbox 1715 2083 1770 2116; x_wconf 87' lang='lat' dir='ltr'>et-</span> 
     </span>
     <span class='ocr_line' id='line_1_57' title="bbox 986 2122 1771 2172; baseline 0.006 -14"><span class='ocrx_word' id='word_1_524' title='bbox 986 2122 1087 2159; x_wconf 88' lang='lat' dir='ltr'>enim</span> <span class='ocrx_word' id='word_1_525' title='bbox 1111 2123 1201 2160; x_wconf 89' lang='lat' dir='ltr'>data</span> <span class='ocrx_word' id='word_1_526' title='bbox 1227 2122 1297 2161; x_wconf 87' lang='lat' dir='ltr'>sibi</span> <span class='ocrx_word' id='word_1_527' title='bbox 1321 2124 1489 2171; x_wconf 90' lang='lat' dir='ltr'>optione,</span> <span class='ocrx_word' id='word_1_528' title='bbox 1512 2135 1580 2172; x_wconf 91' lang='lat' dir='ltr'>pro</span> <span class='ocrx_word' id='word_1_529' title='bbox 1606 2127 1695 2163; x_wconf 86' lang='lat' dir='ltr'>Jesu</span> <span class='ocrx_word' id='word_1_530' title='bbox 1718 2127 1771 2163; x_wconf 87' lang='lat' dir='ltr'>la-</span> 
     </span>
     <span class='ocr_line' id='line_1_58' title="bbox 985 2172 1768 2221; baseline 0.006 -15"><span class='ocrx_word' id='word_1_531' title='bbox 985 2173 1149 2216; x_wconf 84' lang='lat' dir='ltr'>tronem,</span> <span class='ocrx_word' id='word_1_532' title='bbox 1181 2181 1250 2218; x_wconf 90' lang='lat' dir='ltr'>pro</span> <span class='ocrx_word' id='word_1_533' title='bbox 1279 2172 1474 2210; x_wconf 82' lang='lat' dir='ltr'>Salvatore</span> <span class='ocrx_word' id='word_1_534' title='bbox 1511 2173 1768 2221; x_wconf 85' lang='lat' dir='ltr'>interempto—</span> 
     </span>
     <span class='ocr_line' id='line_1_59' title="bbox 984 2219 1768 2269; baseline 0.005 -15"><span class='ocrx_word' id='word_1_535' title='bbox 984 2228 1081 2263; x_wconf 86' lang='lat' dir='ltr'>rem,</span> <span class='ocrx_word' id='word_1_536' title='bbox 1102 2229 1171 2266; x_wconf 90' lang='lat' dir='ltr'>pro</span> <span class='ocrx_word' id='word_1_537' title='bbox 1196 2219 1329 2256; x_wconf 89' lang='lat' dir='ltr'>datore</span> <span class='ocrx_word' id='word_1_538' title='bbox 1351 2220 1436 2257; x_wconf 83' lang='lat' dir='ltr'>vitae</span> <span class='ocrx_word' id='word_1_539' title='bbox 1464 2220 1661 2268; x_wconf 86' lang='lat' dir='ltr'>elegerunt</span> <span class='ocrx_word' id='word_1_540' title='bbox 1681 2232 1768 2269; x_wconf 88' lang='lat' dir='ltr'>per-</span> 
     </span>
     <span class='ocr_line' id='line_1_60' title="bbox 985 2267 1770 2316; baseline 0.005 -14"><span class='ocrx_word' id='word_1_541' title='bbox 985 2270 1208 2313; x_wconf 88' lang='lat' dir='ltr'>emptorem,</span> <span class='ocrx_word' id='word_1_542' title='bbox 1226 2267 1360 2304; x_wconf 90' lang='lat' dir='ltr'>merito</span> <span class='ocrx_word' id='word_1_543' title='bbox 1389 2268 1549 2305; x_wconf 88' lang='lat' dir='ltr'>salutem</span> <span class='ocrx_word' id='word_1_544' title='bbox 1578 2269 1770 2316; x_wconf 86' lang='lat' dir='ltr'>vitamque</span> 
     </span>
     <span class='ocr_line' id='line_1_61' title="bbox 983 2314 1769 2361; baseline 0.006 -12"><span class='ocrx_word' id='word_1_545' title='bbox 983 2314 1249 2361; x_wconf 88' lang='lat' dir='ltr'>perdiderunt,</span> <span class='ocrx_word' id='word_1_546' title='bbox 1272 2318 1309 2352; x_wconf 91' lang='lat' dir='ltr'>et</span> <span class='ocrx_word' id='word_1_547' title='bbox 1338 2315 1547 2354; x_wconf 88' lang='lat' dir='ltr'>latrociniis</span> <span class='ocrx_word' id='word_1_548' title='bbox 1570 2328 1611 2354; x_wconf 91' lang='lat' dir='ltr'>se</span> <span class='ocrx_word' id='word_1_549' title='bbox 1637 2327 1681 2354; x_wconf 87' lang='lat' dir='ltr'>ae</span> <span class='ocrx_word' id='word_1_550' title='bbox 1706 2327 1769 2354; x_wconf 81' lang='lat' dir='ltr'>se·</span> 
     </span>
     <span class='ocr_line' id='line_1_62' title="bbox 985 2360 1770 2410; baseline 0.006 -13"><span class='ocrx_word' id='word_1_551' title='bbox 985 2360 1190 2398; x_wconf 83' lang='lat' dir='ltr'>ditionibus</span> <span class='ocrx_word' id='word_1_552' title='bbox 1222 2362 1261 2399; x_wconf 92' lang='lat' dir='ltr'>in</span> <span class='ocrx_word' id='word_1_553' title='bbox 1295 2366 1444 2400; x_wconf 87' lang='lat' dir='ltr'>tantum</span> <span class='ocrx_word' id='word_1_554' title='bbox 1468 2365 1770 2410; x_wconf 85' lang='lat' dir='ltr'>submerserunt,</span> 
     </span>
     <span class='ocr_line' id='line_1_63' title="bbox 984 2409 1771 2460; baseline 0.005 -15"><span class='ocrx_word' id='word_1_555' title='bbox 984 2413 1025 2446; x_wconf 92' lang='lat' dir='ltr'>ut</span> <span class='ocrx_word' id='word_1_556' title='bbox 1042 2414 1079 2445; x_wconf 91' lang='lat' dir='ltr'>et</span> <span class='ocrx_word' id='word_1_557' title='bbox 1121 2409 1259 2447; x_wconf 86' lang='lat' dir='ltr'>atriam</span> <span class='ocrx_word' id='word_1_558' title='bbox 1271 2422 1508 2459; x_wconf 86' lang='lat' dir='ltr'>regnumque</span> <span class='ocrx_word' id='word_1_559' title='bbox 1527 2423 1652 2458; x_wconf 88' lang='lat' dir='ltr'>suum,</span> <span class='ocrx_word' id='word_1_560' title='bbox 1667 2413 1771 2460; x_wconf 83' lang='lat' dir='ltr'>quod</span> 
     </span>
     <span class='ocr_line' id='line_1_64' title="bbox 984 2457 1770 2506; baseline 0.003 -13"><span class='ocrx_word' id='word_1_561' title='bbox 984 2458 1067 2504; x_wconf 76' lang='lat' dir='ltr'>plus</span> <span class='ocrx_word' id='word_1_562' title='bbox 1118 2457 1238 2495; x_wconf 90' lang='lat' dir='ltr'>hristo</span> <span class='ocrx_word' id='word_1_563' title='bbox 1259 2469 1436 2496; x_wconf 83' lang='lat' dir='ltr'>amavere</span> <span class='ocrx_word' id='word_1_564' title='bbox 1459 2460 1709 2506; x_wconf 84' lang='lat' dir='ltr'>perdiderint,</span> <span class='ocrx_word' id='word_1_565' title='bbox 1734 2465 1770 2497; x_wconf 91' lang='lat' dir='ltr'>et</span> 
     </span>
    </p>
   </div>
   <div class='ocr_carea' id='block_1_6' title="bbox 948 2165 951 2244">
    <p class='ocr_par' dir='ltr' id='par_1_7' title="bbox 948 2165 951 2244">
     <span class='ocr_line' id='line_1_65' title="bbox 948 2165 951 2244; baseline 0 0"><span class='ocrx_word' id='word_1_566' title='bbox 948 2165 951 2244; x_wconf 95' lang='lat' dir='ltr'> </span> 
     </span>
    </p>
   </div>
   <div class='ocr_carea' id='block_1_7' title="bbox 130 2646 1773 2844">
    <p class='ocr_par' dir='ltr' id='par_1_8' title="bbox 130 2646 1773 2844">
     <span class='ocr_line' id='line_1_66' title="bbox 130 2646 1773 2699; baseline 0.004 -18"><span class='ocrx_word' id='word_1_567' title='bbox 130 2646 392 2692; x_wconf 82' lang='lat' dir='ltr'>perdurantes,</span> <span class='ocrx_word' id='word_1_568' title='bbox 410 2657 456 2682; x_wconf 88' lang='lat' dir='ltr'>ne</span> <span class='ocrx_word' id='word_1_569' title='bbox 470 2646 578 2683; x_wconf 86' lang='lat' dir='ltr'>Chris</span> <span class='ocrx_word' id='word_1_570' title='bbox 598 2658 641 2683; x_wconf 84' lang='lat' dir='ltr'>us</span> <span class='ocrx_word' id='word_1_571' title='bbox 662 2647 906 2693; x_wconf 86' lang='lat' dir='ltr'>liberaretur,</span> <span class='ocrx_word' id='word_1_572' title='bbox 984 2659 1117 2695; x_wconf 82' lang='lat' dir='ltr'>pacem</span> <span class='ocrx_word' id='word_1_573' title='bbox 1143 2649 1282 2686; x_wconf 87' lang='lat' dir='ltr'>habere</span> <span class='ocrx_word' id='word_1_574' title='bbox 1310 2661 1387 2687; x_wconf 91' lang='lat' dir='ltr'>non</span> <span class='ocrx_word' id='word_1_575' title='bbox 1408 2657 1580 2698; x_wconf 88' lang='lat' dir='ltr'>possunt,</span> <span class='ocrx_word' id='word_1_576' title='bbox 1606 2651 1694 2699; x_wconf 82' lang='lat' dir='ltr'>quia</span> <span class='ocrx_word' id='word_1_577' title='bbox 1717 2662 1773 2687; x_wconf 85' lang='lat' dir='ltr'>sc-</span> 
     </span>
     <span class='ocr_line' id='line_1_67' title="bbox 132 2693 1766 2745; baseline 0.004 -17"><span class='ocrx_word' id='word_1_578' title='bbox 132 2693 420 2741; x_wconf 84' lang='lat' dir='ltr'>praeelegerunt,</span> <span class='ocrx_word' id='word_1_579' title='bbox 441 2698 477 2730; x_wconf 90' lang='lat' dir='ltr'>et</span> <span class='ocrx_word' id='word_1_580' title='bbox 498 2694 685 2741; x_wconf 89' lang='lat' dir='ltr'>petierunt</span> <span class='ocrx_word' id='word_1_581' title='bbox 699 2696 906 2733; x_wconf 74' lang='lat' dir='ltr'>Barrabam</span> <span class='ocrx_word' id='word_1_582' title='bbox 984 2696 1159 2733; x_wconf 85' lang='lat' dir='ltr'>ditiosum</span> <span class='ocrx_word' id='word_1_583' title='bbox 1185 2696 1458 2745; x_wconf 88' lang='lat' dir='ltr'>principem‚id</span> <span class='ocrx_word' id='word_1_584' title='bbox 1479 2703 1536 2736; x_wconf 87' lang='lat' dir='ltr'>est</span> <span class='ocrx_word' id='word_1_585' title='bbox 1559 2699 1766 2743; x_wconf 68' lang='lat' dir='ltr'>diabolum,</span> 
     </span>
     <span class='ocr_line' id='line_1_68' title="bbox 130 2740 1768 2794; baseline 0.003 -17"><span class='ocrx_word' id='word_1_586' title='bbox 130 2740 322 2778; x_wconf 90' lang='lat' dir='ltr'>hominem</span> <span class='ocrx_word' id='word_1_587' title='bbox 353 2741 574 2789; x_wconf 72' lang='lat' dir='ltr'>pestiferum</span> <span class='ocrx_word' id='word_1_588' title='bbox 596 2742 733 2780; x_wconf 88' lang='lat' dir='ltr'>dimitti</span> <span class='ocrx_word' id='word_1_589' title='bbox 755 2746 791 2780; x_wconf 90' lang='lat' dir='ltr'>et</span> <span class='ocrx_word' id='word_1_590' title='bbox 811 2744 905 2781; x_wconf 91' lang='lat' dir='ltr'>libe·</span> <span class='ocrx_word' id='word_1_591' title='bbox 984 2743 1047 2791; x_wconf 91' lang='lat' dir='ltr'>qui</span> <span class='ocrx_word' id='word_1_592' title='bbox 1071 2755 1190 2792; x_wconf 86' lang='lat' dir='ltr'>usque</span> <span class='ocrx_word' id='word_1_593' title='bbox 1210 2745 1323 2782; x_wconf 86' lang='lat' dir='ltr'>hodie</span> <span class='ocrx_word' id='word_1_594' title='bbox 1354 2750 1488 2794; x_wconf 78' lang='lat' dir='ltr'>regnat</span> <span class='ocrx_word' id='word_1_595' title='bbox 1519 2747 1558 2783; x_wconf 91' lang='lat' dir='ltr'>in</span> <span class='ocrx_word' id='word_1_596' title='bbox 1588 2747 1655 2791; x_wconf 80' lang='lat' dir='ltr'>eis,</span> <span class='ocrx_word' id='word_1_597' title='bbox 1678 2756 1768 2782; x_wconf 86' lang='lat' dir='ltr'>ma-</span> 
     </span>
     <span class='ocr_line' id='line_1_69' title="bbox 131 2787 1769 2844; baseline 0.004 -19"><span class='ocrx_word' id='word_1_598' title='bbox 131 2787 208 2826; x_wconf 73' lang='lat' dir='ltr'>rari</span> <span class='ocrx_word' id='word_1_599' title='bbox 225 2800 236 2835; x_wconf 89' lang='lat'>;</span> <span class='ocrx_word' id='word_1_600' title='bbox 255 2789 445 2828; x_wconf 82' lang='lat' dir='ltr'>Christum</span> <span class='ocrx_word' id='word_1_601' title='bbox 461 2790 808 2829; x_wconf 84' lang='lat' dir='ltr'>veroinnocentem</span> <span class='ocrx_word' id='word_1_602' title='bbox 825 2791 907 2829; x_wconf 91' lang='lat' dir='ltr'>tolli</span> <span class='ocrx_word' id='word_1_603' title='bbox 984 2794 1042 2839; x_wconf 87' lang='lat' dir='ltr'>gis</span> <span class='ocrx_word' id='word_1_604' title='bbox 1068 2802 1181 2839; x_wconf 86' lang='lat' dir='ltr'>quam</span> <span class='ocrx_word' id='word_1_605' title='bbox 1218 2793 1419 2832; x_wconf 89' lang='lat' dir='ltr'>Dominum</span> <span class='ocrx_word' id='word_1_606' title='bbox 1454 2794 1595 2844; x_wconf 85' lang='lat' dir='ltr'>eligere</span> <span class='ocrx_word' id='word_1_607' title='bbox 1624 2795 1769 2832; x_wconf 88' lang='lat' dir='ltr'>malue-</span> 
     </span>
    </p>
   </div>
  </div>
 </body>
</html>
