1924 3157
130 205 170 239 50
595 199 805 235 SECUNDAE
842 195 999 230 PAii'sls
1037 199 1175 231 uArli'r
1215 198 1269 232 LX

134 277 298 314 medium
311 276 420 313 nobis
432 273 666 322 poenitentiae
682 270 905 314 ostenditur,

130 329 166 362 et
187 325 224 360 in
240 323 411 359 maximis
426 320 642 358 excessibus
658 319 807 356 veniam
824 327 903 364 spe-

133 383 217 407 rare
233 371 464 412 conceditur,
487 378 570 404 cum
587 369 718 404 Petrus
731 369 814 412 post
827 369 903 417 tan-

131 423 211 455 tum
231 421 426 464 peccatum
446 417 564 452 sactus
585 414 786 461 sitjamtor
807 411 905 464 coeli,

136 477 179 503 ac
199 465 374 501 omnibus
404 473 537 500 norma
563 466 600 499 et
629 461 759 509 regula
780 470 908 507 pceni—

136 512 295 548 tendi.-
321 512 471 548 Sextum
487 513 556 555 est,
575 509 672 555 quod
694 519 761 544 nos
783 517 909 544 cavea-

137 569 219 596 mus
242 569 289 594 ne
307 567 487 604 umquam
509 557 907 609 Christum-negemus:

137 605 327 643 Christum
345 615 508 652 namque
517 607 630 650 negat
650 614 732 650 quis
749 611 909 656 inomni

137 652 286 690 mortali
322 658 491 700 peccato,
519 652 607 698 quia
640 648 909 704 consentiendo

136 700 303 745 diabolo,
326 702 559 747 abnegamus
577 699 780 741 Chr1stum,
803 699 908 732 etre-

138 747 306 785 vedimus
320 749 365 784 ab
384 758 442 784 eo.
459 767 504 774 —
520 748 561 782 In
579 743 850 781 conformando
870 753 910 796 se

138 794 225 832 huic
246 795 417 838 articulo,
439 795 576 840 cogitet
594 794 704 829 homo
724 801 835 843 quam
850 801 909 836 pie

136 844 257 891 ipsum
279 843 375 878 Deus
401 840 589 886 respiciet.
613 842 649 875 et
675 842 764 875 tunc
791 841 911 873 instar

135 890 238 928 beati
259 891 360 925 Petri
385 890 661 925 rememoretur
678 888 832 932 peccata
844 895 912 920 sua

132 937 300 976 breviter
317 940 354 973 et
375 934 593 979 summarie,
609 938 647 970 et
665 935 910 985 eatquantum

137 990 260 1031 potest
282 985 458 1031 lacrymis
472 982 604 1019 saltem
620 981 744 1017 cordis
760 979 909 1015 defleat.

131 1035 229 1076 Jesu,
259 1033 323 1078 qui
349 1043 371 1067 α
399 1031 499 1066 beato
526 1031 628 1065 Petro
654 1028 911 1082 Apostolorum

135 1085 278 1118 tuorum
294 1079 461 1125 principe
487 1080 540 1113 ter
556 1076 683 1120 neyari
704 1078 737 1110 te
756 1075 911 1129 pertuli-

135 1131 197 1174 sti,
221 1129 356 1175 quique
382 1136 461 1161 eum
486 1122 771 1159 misericorditer
795 1131 911 1176 respit-

129 1178 226 1212 cz'ens
254 1177 394 1211 reatum
411 1183 516 1208 suum
535 1180 658 1206 amare
674 1171 757 1214 flere
774 1170 910 1214 fecisti,

131 1225 281 1270 respice,
303 1229 494 1266 quaeso,me
508 1218 608 1254 oculo
623 1218 817 1253 clementiae
828 1219 910 1261 tuae,

134 1273 168 1307 et
187 1269 338 1307 concede
350 1279 405 1303 me
424 1266 544 1302 verbis
560 1266 616 1300 vel
635 1265 746 1308 factis
763 1266 796 1299 te
811 1275 912 1299 num-

133 1328 244 1363 quam
271 1325 418 1360 neqare,
453 1317 486 1350 et
513 1315 662 1360 peccata
695 1321 773 1347 mea
801 1311 911 1356 diqne

136 1366 278 1410 deflere.

183 1426 224 1448 22
237 1413 412 1455 Qnomono
426 1418 564 1444 NOCTEM
579 1407 770 1442 Pissmms
781 1417 908 1458 TnANs-

133 1470 213 1495 EGIT
258 1460 435 1495 Donmus.
469 1475 513 1481 —
551 1453 720 1490 Tandem
761 1452 908 1506 fatigati

134 1505 324 1552 principes
346 1504 577 1546 Judaeorum,
603 1504 638 1536 et
656 1499 818 1536 ministri
838 1511 909 1536 im-

137 1553 305 1599 quitatis,
327 1555 362 1588 et
382 1550 496 1587 ceteri
526 1546 647 1585 Judaei
672 1551 910 1600 recesserunt

135 1603 267 1637 euntes
288 1600 335 1636 ad
358 1596 637 1638 dormiendum,
659 1600 695 1630 et
717 1598 909 1631 mlttcntes

135 1647 337 1684 Dominum
358 1647 485 1683 Jesum
503 1643 543 1679 in
566 1642 767 1689 quemdam
787 1652 908 1678 carce-

135 1706 214 1731 rem
238 1694 289 1731 ibi
307 1694 440 1730 subtus
454 1690 648 1734 solarium,
665 1690 772 1735 cujus
786 1690 908 1726 adbuc

133 1741 252 1778 videri
277 1743 400 1787 potest
433 1737 657 1783 vestigium;
697 1736 909 1782 ligaverunt

135 1799 222 1825 eum
242 1788 295 1825 ibi
328 1788 373 1824 ad
398 1786 599 1833 quamdam
619 1783 830 1819 columnam
854 1783 907 1820 la-

136 1836 302 1883 pideam,
324 1835 430 1881 cujus
461 1843 549 1879 pars
586 1831 726 1866 ibidem
767 1834 909 1884 mutata

136 1883 220 1927 fuit,
237 1886 273 1919 et
285 1883 421 1922 adhuc,
439 1885 480 1917 ut
498 1878 647 1923 dicitur,
664 1884 833 1924 apparet.
851 1880 910 1914 Dl—

133 1930 319 1966 miserunt
334 1926 579 1965 nihilominus
595 1936 677 1962 cum
699 1935 743 1978 eo
762 1925 908 1979 aliquos

134 1980 300 2014 armatos
319 1977 366 2012 ad
389 1975 567 2011 tutiorem
601 1972 823 2013 custodiam,
844 1984 907 2019 qui

137 2035 224 2060 eum
258 2025 487 2060 vexaverunt
518 2031 585 2067 pcr
615 2024 733 2056 totam
759 2024 904 2056 noctem

135 2071 355 2114 residuam,
370 2069 475 2116 qnasi
501 2079 577 2104 non
608 2067 796 2103 sufficeret
826 2068 906 2104 dies

134 2119 180 2154 ad
197 2118 463 2165 complendum
490 2114 676 2167 malitiam
698 2125 818 2167 suam,
840 2115 904 2151 dc-

133 2165 408 2212 risionibusque
433 2167 469 2200 et
490 2162 817 2214 maledictionibus
839 2173 904 2198 va-

134 2216 264 2248 cantes
309 2211 621 2251 convitiabantur,
649 2220 682 2245 el
709 2208 872 2246 dicentes
895 2220 903 2246 :

136 2260 301 2296 Putabas
316 2263 353 2295 te
368 2269 451 2295 esse
466 2255 749 2304 prudentiorem
773 2257 907 2301 princi-

131 2306 255 2353 pibus,
278 2309 316 2343 et
353 2304 567 2349 Pharisaeis,
595 2314 692 2339 nunc
720 2306 784 2340 tua
811 2304 903 2358 stul-

131 2353 215 2390 titia
232 2357 404 2400 apparet,
420 2353 533 2390 modo
555 2354 632 2388 stas
653 2355 693 2387 ut
712 2355 901 2399 convenit,

981 273 1016 304 ki
1036 276 1154 306 morte
1183 270 1441 307 crudelissima
1466 272 1537 308 cito
1561 273 1750 312 morieris.

981 318 1129 353 Intuere
1149 316 1262 363 igitur
1283 318 1443 363 qualiter
1460 318 1514 354 illi
1534 321 1696 358 audaces
1715 326 1751 358 ct

981 364 1132 409 pes÷imi
1155 364 1409 401 convitiantur
1429 366 1551 402 eidem
1571 371 1608 403 et
1627 368 1748 405 insul-

982 414 1065 446 tant
1083 423 1090 447 :
1112 415 1149 447 et
1166 412 1277 448 modo
1299 423 1411 456 unus,
1433 413 1545 450 modo
1563 414 1659 452 alius
1676 426 1752 452 ver-

983 458 1040 493 bis
1063 461 1097 494 et
1120 459 1214 495 sorte
1241 459 1354 495 etiam
1381 460 1487 496 factis
1513 465 1643 498 contra
1665 473 1752 500 eum

984 504 1196 552 insurgunt.
1216 508 1334 543 Tanta
1366 508 1465 543 enim
1496 507 1623 544 dicunt
1643 514 1680 545 et
1698 510 1752 546 sa-

985 552 1087 588 ciunt
1105 552 1139 588 ei
1153 551 1416 598 irreverenter,
1428 555 1646 601 hujusmodi
1660 567 1756 593 mer-

985 600 1125 636 cenarii
1153 604 1189 637 et
1214 600 1384 637 vilissimi
1420 606 1560 648 quanta
1584 607 1751 649 possunt.

985 647 1088 683 Unde
1111 648 1328 684 Anselmus:
1351 662 1366 682 «
1384 648 1658 687 Noxinsomnis
1674 654 1755 688 tota

985 694 1205 740 ducebatur,
1223 696 1328 732 nulla
1348 706 1501 743 prorsus
1523 697 1671 744 requies
1689 700 1753 736 Je-

986 752 1026 777 su
1047 744 1324 788 praestabatur3
1357 743 1616 781 ministrorum
1640 745 1756 792 impia

984 789 1091 835 plebs
1108 790 1322 836 injuriatur,
1337 791 1453 836 alapis
1471 794 1507 827 et
1521 792 1689 839 colaphis
1702 793 1755 829 in-

986 847 1127 872 nocens
1156 841 1352 874 mactatur.
1382 840 1532 875 Intuere
1560 851 1658 876 nunc
1688 851 1753 894 op-

986 884 1149 929 probriis
1186 885 1383 921 Dominum
1423 888 1692 932 verecundum,
1715 899 1755 924 ln

984 931 1182 967 tormentis
1207 943 1293 968 vero
1313 932 1534 979 patientem,
1557 937 1594 970 et
1613 934 1754 971 vultum

986 988 1134 1024 semper
1162 979 1208 1015 ad
1244 983 1384 1016 terram
1414 980 1629 1026 bibentem,
1650 984 1687 1018 et
1705 983 1754 1018 si-

986 1025 1124 1061 lentem
1146 1027 1193 1062 ad
1215 1026 1354 1068 omnia,
1377 1030 1571 1074 tamquam
1590 1039 1679 1066 vere
1699 1040 1753 1066 es-

985 1077 1037 1108 set
1057 1073 1313 1119 deprehensus
1326 1074 1365 1110 in
1379 1075 1500 1121 culpa,
1514 1079 1549 1111 et
1569 1076 1666 1113 mira
1677 1087 1755 1113 cor-

985 1120 1041 1156 dis
1063 1120 1288 1157 contritione
1311 1125 1524 1169 compatere
1549 1126 1613 1159 tuo
1634 1124 1754 1161 Crea-

984 1167 1056 1203 tori
1081 1179 1088 1204 :
1109 1181 1127 1200 »
1150 1169 1448 1206 haecAnselmus.
1462 1171 1504 1205 Et
1523 1169 1575 1206 sic
1593 1174 1666 1207 stat
1680 1173 1754 1208 Do-

985 1214 1109 1252 minus
1129 1219 1253 1252 rectus
1273 1216 1321 1253 ad
1341 1217 1450 1253 istam
1473 1217 1688 1255 columnam
1708 1219 1756 1255 li-

983 1266 1106 1308 gatus,
1129 1266 1165 1299 et
1191 1267 1380 1300 saturatus
1407 1264 1619 1311 opprobriis
1638 1277 1756 1313 usque

984 1321 1107 1355 mane,
1131 1310 1292 1347 afflictus
1318 1310 1430 1348 nimis
1463 1311 1603 1358 frigore
1629 1317 1667 1350 et
1699 1314 1754 1350 la-

982 1357 1088 1401 bore,
1112 1357 1200 1404 quia
1218 1358 1338 1395 hiems
1359 1363 1440 1395 erat
1466 1363 1503 1396 et
1523 1363 1652 1397 noctes
1672 1361 1753 1398 lon-

982 1416 1052 1451 gae.
1075 1406 1128 1441 Tu
1148 1416 1237 1452 ergo
1268 1405 1339 1443 ibis
1368 1406 1416 1442 ad
1448 1417 1550 1451 eum,
1572 1411 1608 1444 et
1634 1409 1754 1445 vehe-

982 1457 1130 1488 menter
1161 1452 1233 1489 sibi
1263 1452 1509 1499 compatiens,
1528 1454 1629 1491 dices
1655 1455 1703 1492 ad
1722 1455 1754 1492 i-

984 1510 1090 1545 psum
1112 1511 1121 1535 :
1145 1500 1173 1537 Ο
1189 1503 1351 1543 Domine,
1373 1502 1422 1536 ad
1446 1513 1600 1547 quorum
1626 1513 1754 1540 manus

981 1549 1114 1583 venisti
1128 1549 1145 1583 ?
1176 1548 1321 1591 Quanta
1356 1552 1408 1584 est
1443 1550 1626 1595 patientia
1668 1553 1754 1587 tua!

984 1596 1075 1631 Vere
1091 1596 1164 1630 ista
1176 1598 1228 1631 est
1245 1596 1334 1631 hora
1351 1596 1593 1633 tenebrarum.
1610 1598 1654 1633 Et
1666 1600 1754 1634 tunc

981 1641 1222 1678 devotissime
1240 1643 1472 1680 osculaberis
1491 1654 1627 1680 manus
1639 1647 1676 1680 et
1691 1655 1754 1692 pe-

980 1689 1047 1725 des
1074 1689 1154 1736 ejus
1176 1690 1423 1736 venerabiles,
1453 1694 1489 1726 et
1517 1690 1667 1728 vincula
1689 1693 1756 1729 illa

981 1736 1195 1781 durissima,
1220 1740 1255 1772 ct
1275 1737 1424 1774 sedebis
1445 1736 1497 1774 ibi
1517 1738 1565 1774 ad
1583 1738 1699 1785 pedes
1713 1738 1756 1776 il-

980 1783 1053 1819 lius
1073 1784 1205 1820 dolens
1226 1787 1262 1820 et
1281 1784 1431 1831 lugens,
1453 1788 1490 1822 et
1507 1785 1623 1822 dices:
1642 1787 1751 1824 0Βο-

980 1833 1076 1866 mine
1110 1833 1207 1873 Jesu,
1239 1833 1368 1868 saltem
1410 1835 1615 1879 requiescat
1645 1837 1755 1881 eaput

980 1882 1082 1914 tuum
1100 1889 1210 1925 super
1232 1880 1418 1916 humerum
1433 1891 1563 1923 meum,
1580 1892 1624 1917 ea:
1639 1885 1754 1927 quote

981 1927 1136 1961 liberare
1156 1937 1227 1962 non
1243 1938 1406 1973 possum.
1428 1929 1472 1963 Et
1491 1931 1581 1964 tunc
1607 1939 1752 1966 recom-

980 1973 1176 2010 mendabis
1192 1979 1226 2010 te
1237 1973 1284 2019 ci,
1301 1978 1337 2011 et
1352 1986 1482 2011 omncs
1496 1975 1638 2011 amicos
1651 1979 1751 2021 tuos,

979 2024 1015 2056 et
1038 2024 1159 2057 totum
1180 2022 1323 2067 absque
1346 2021 1462 2059 dubio
1485 2022 1667 2060 concedet
1682 2023 1753 2061 tibi

981 2068 1163 2114 quidquid
1180 2069 1373 2114 rogaveris
1394 2073 1429 2105 et
1446 2070 1602 2116 petieris
1622 2071 1669 2108 ab
1690 2082 1750 2108 eo.

978 2117 1023 2151 Et
1043 2115 1143 2151 dices
1163 2115 1221 2151 ei:
1245 2116 1272 2153 O
1291 2118 1455 2162 Domine,
1473 2117 1693 2163 quiddicam
1713 2120 1753 2155 in

978 2165 1178 2199 crastinum
1205 2163 1431 2208 diynissimae
1455 2166 1572 2201 Matri
1591 2168 1690 2201 tuae?
1708 2167 1753 2202 Et

978 2210 1030 2246 sic
1057 2210 1103 2246 ad
1126 2211 1241 2256 pedes
1267 2211 1507 2248 beatissimos
1534 2210 1750 2258 aliquantu-

976 2258 1051 2294 lum
1074 2257 1295 2294 dormitabis
1313 2262 1351 2295 et.
1369 2258 1554 2305 quiesces,
1570 2259 1601 2295 si
1623 2262 1751 2297 tamen

976 2305 1142 2342 dormire
1165 2307 1283 2351 potes,
1301 2304 1357 2342 int
1373 2305 1423 2343 ali
1437 2308 1536 2343 statu
1551 2306 1751 2344 Dominum

976 2356 1084 2389 tuum
1105 2352 1251 2389 videns.

846 2470 1026 2508 ORATIO

174 2587 334 2626 Domine
352 2586 441 2622 Jesu
469 2579 628 2625 Christe,
651 2581 714 2626 qui
750 2581 845 2617 hora
869 2579 1054 2618 matutina
1079 2592 1205 2618 coram
1228 2583 1336 2619 Anna
1359 2593 1380 2619 a
1401 2583 1570 2620 ministro
1600 2583 1746 2632 alapam

63 2647 66 2650 ’
126 2634 334 2682 suscepisti,
357 2634 393 2668 et
407 2634 445 2667 te
462 2628 617 2675 ligatum
638 2627 686 2663 ad
712 2626 999 2674 Caipha‘in'dnci
1023 2629 1238 2674 permisisti,
1263 2634 1299 2665 et
1320 2633 1398 2666 tota
1416 2636 1525 2668 nocte
1545 2631 1661 2668 multa
1679 2643 1746 2678 op-

123 2682 278 2732 probria
315 2684 352 2717 et
387 2674 625 2715 incommoda
650 2675 852 2721 pertulisti,
874 2675 1012 2720 tribue,
1041 2687 1181 2722 quaeso,
1205 2676 1295 2713 mihi
1330 2678 1518 2724 peccatori
1546 2681 1586 2714 ut
1609 2677 1747 2716 similia

123 2730 201 2780 pati
227 2728 410 2777 gaudeam
433 2734 497 2770 pro
517 2721 636 2769 gloria
658 2723 711 2758 tui
731 2721 908 2767 nominis,
930 2725 967 2759 et
985 2722 1131 2768 gaudiis
1150 2723 1289 2770 perfrui
1319 2735 1464 2762 merear
1483 2725 1633 2778 aetcrnis
1667 2725 1744 2762 Illis

125 2787 275 2828 quoque
293 2779 368 2813 tuae
387 2769 538 2820 pietatis
561 2768 692 2813 oculis,
712 2769 846 2815 quibus
869 2772 957 2806 tunc
981 2770 1134 2806 Petrum
1159 2771 1368 2818 respexisti,
1389 2782 1449 2809 me
1474 2773 1742 2819 mlserumsst're-

123 2829 282 2874 quenter
297 2819 488 2868 respicias,
509 2816 571 2864 qui
591 2819 628 2852 te
644 2815 755 2852 toties
779 2818 905 2862 pravis
925 2816 1229 2863 cogitationibus,
1257 2818 1523 2863 locutionibus
1551 2819 1741 2867 operibus,
