1924 3157
725 213 775 248 ET
813 213 1090 248 NUMERORUM

546 361 697 399 CAPUT
711 361 898 401 LXXXIV.
925 382 972 391 -
987 364 1038 399 De
1062 363 1279 400 Pentecoste.

120 502 131 523 1
158 485 363 524 Promissio
420 486 579 534 Spiritus
625 487 752 524 Sancti
971 489 1090 537 9Cur
1122 487 1300 524 homines
1330 489 1501 526 carnales
1537 501 1613 527 non

139 533 313 571 mittendi
337 535 568 583 adimpletur
590 536 646 583 ips
652 546 672 571 0
693 535 752 572 die
971 504 1070 572 9sint
1091 534 1252 582 Spiritus
1275 536 1403 572 Sancti
1430 537 1614 575 inhabita·

140 583 397 619 Pentecostcs.
807 586 873 620 268
992 583 1095 619 tione
1122 594 1293 629 1··(Ἰ[)«Ἰ(05.

117 630 219 667 2Cur
231 631 375 667 hoodie
390 631 459 667 sub
474 630 599 676 specie
616 631 754 672 lingum
949 647 990 670 ιο
1012 629 1224 678 Spiritualis
1258 630 1423 667 hominis
1447 631 1557 678 signa
1578 636 1615 669 et

138 676 268 724 ignitae
309 678 548 715 descenderit
594 678 754 725 Spiritus
993 678 1244 715 conditiones.

140 726 325 762 Sanctus?
806 730 873 774 269
949 743 985 765 11
1004 727 1167 773 Spiritus
1185 725 1312 763 Sancti
1334 725 1454 763 virtus
1473 730 1511 764 et
1529 727 1613 765 effi-

112 775 134 809 3
154 772 317 819 Spiritus
354 773 513 809 Sanctus
536 772 592 808 bis
612 772 751 810 missus
993 774 1112 811 cacia.

135 825 325 867 estsuper
355 819 545 856 Christum
572 822 609 857 ct
637 831 752 869 super
949 837 988 860 12
1010 822 1136 859 Missio
1176 821 1337 869 Spiritus
1375 821 1505 858 Sancti
1545 833 1613 859 cur

136 868 352 914 Apostolos.
805 883 872 917 27ο
992 869 1110 907 dilata
1137 873 1174 907 et
1202 869 1520 918 quinquagesimo
1551 870 1613 908 die

110 916 292 970 4Duplex
320 915 479 959 Spiritus
506 915 631 953 Sancti
660 917 750 954 mis·
992 917 1091 954 facta
1108 918 1126 954 ἱ)

135 962 223 1000 sio:
245 963 405 1000 visibilis
442 968 478 1000 et
512 963 724 1001 invisibilis.
803 979 867 1013 271
949 968 988 1003 15
1008 965 1156 1012 Figurae
1172 964 1365 1003 missionis
1379 968 1416 1003 et
1430 965 1611 1003 efficaciae

110 1014 130 1048 5
153 1010 269 1058 Signa
287 1011 362 1048 tria
385 1011 562 1058 praesenti
569 1022 602 1049 L
633 1011 751 1059 Spiri-
994 1013 1154 1059 Spiritus
1177 1013 1315 1050 Sancti.

132 1061 193 1095 tus
214 1059 339 1096 Sancti
364 1060 488 1106 quoad
508 1059 748 1106 incipientes.
803 1074 867 1108 271
949 1065 990 1106 14
1011 1063 1112 1098 Deus
1138 1071 1289 1108 semper
1309 1064 1367 1099 est
1386 1060 1498 1099 nohis
1521 1061 1613 1099 lau-

105 1109 126 1144 6
144 1107 251 1151 Item,
275 1108 399 1154 quoad
420 1107 679 1154 proficientes.
804 1121 870 1155 272
993 1109 1157 1145 dandus.

108 1169 128 1202 7
149 1155 259 1201 Item,
285 1155 410 1201 quoad
429 1155 631 1202 perfectos.
805 1169 872 1203 272
951 1160 989 1192 15
1014 1157 1182 1193 Amanda
1200 1159 1287 1192 sunt
1307 1155 1490 1194 coelestia.

109 1204 130 1239 8
151 1203 260 1248 Item,
293 1203 419 1249 quoad
458 1213 592 1240 omnes
629 1204 754 1250 quus-
951 1207 992 1240 16
1019 1205 1233 1241 Toleranda
1276 1207 1363 1241 sunt
1398 1202 1526 1242 omnia
1563 1203 1611 1241 ob

132 1260 293 1298 cumque
313 1250 388 1287 sint
409 1253 542 1288 status.
810 1264 876 1298 272
994 1251 1156 1299 gloriam
1174 1251 1383 1290 coelestem.

518 1369 669 1406 CAPUT
692 1368 861 1407 LXXXV.
886 1390 933 1396 —
951 1371 1002 1407 De
1022 1369 1132 1406 laude
1152 1370 1296 1406 divina.

965 1468 987 1509 4
1004 1465 1187 1501 Memoria
1241 1465 1516 1503 beneficiorum
1558 1465 1607 1503 ad

987 1513 1139 1549 laudem
1158 1511 1224 1549 Dei
1243 1513 1403 1550 multum
1420 1514 1541 1560 juvat.

965 1563 984 1596 5
1008 1561 1054 1596 Ut
1082 1561 1182 1596 Deus
1209 1563 1245 1596 et
1270 1562 1454 1598 Dominus
1479 1563 1607 1598 noster

987 1609 1021 1645 J.
1047 1609 1086 1644 C.
1112 1607 1249 1644 melius
1273 1608 1468 1653 laudetur,
1493 1619 1602 1645 men-

988 1657 1065 1692 tem
1085 1666 1108 1692 a
1135 1655 1298 1692 terrenis
1322 1657 1546 1694 abstrahere
1568 1660 1606 1693 et

989 1714 1060 1740 nos
1081 1703 1195 1741 curiae
1217 1703 1362 1741 coelesti
1390 1704 1606 1742 immiscere

988 1751 1183 1789 debemus.

113 1480 125 1502 1
154 1463 292 1501 Laudis
345 1462 483 1501 divinae
539 1463 588 1500 ad
636 1473 750 1509 quam

133 1513 250 1550 creati
276 1522 406 1548 sumus
426 1511 721 1548 commendatio.
801 1526 868 1561 279

109 1575 127 1599 2
167 1559 374 1597 Humiliare
433 1559 546 1596 dehet
610 1563 750 1596 semct-

129 1607 269 1655 ipsum,
306 1606 369 1654 qui
403 1607 482 1643 vult
516 1608 635 1644 Deum
669 1607 750 1644 lau-

130 1656 236 1693 dare.
801 1658 868 1693 280

111 1707 131 1742 3
147 1704 287 1741 Auctor
309 1705 461 1749 exoptat.
482 1712 616 1739 omnes
637 1712 750 1739 crea—

130 1755 236 1790 turas
253 1761 381 1788 secum
405 1750 561 1788 laudare
589 1752 723 1787 Deum.
802 1754 864 1787 281

238 1871 389 1909 CAPUT
418 1871 604 1908 LXXXVI.
629 1890 674 1897 —
704 1872 754 1906 De
770 1870 1047 1919 Assumptione,
1071 1873 1104 1906 et
1123 1871 1231 1907 laude
1250 1871 1362 1908 beatae
1391 1871 1574 1917 Virqinis.

113 1982 127 2007 1
155 1967 241 2005 Vita
259 1970 301 2004 B.
327 1967 453 2004 Mariae
473 1966 640 2013 Virginis
660 1970 745 2013 post
970 1970 991 2011 4
1015 1965 1220 2003 Exsultatio
1250 1970 1364 2002 terrae
1392 1968 1430 2002 et
1464 1966 1547 2003 laus
1565 1967 1607 2002 B.

130 2016 268 2053 Christi
285 2014 572 2060 Ascemionem,
587 2019 624 2051 et
641 2014 743 2051 locus
994 2014 1122 2051 Mariae
1142 2013 1320 2059 Virginis.

130 2062 374 2100 dormitionis
396 2061 529 2108 ipsius.
795 2059 861 2098 285
971 2064 990 2097 5
1013 2061 1159 2107 Figurae
1179 2059 1472 2108 AssumptioniS.

109 2125 128 2148 2
149 2111 214 2148 Pie
235 2111 402 2148 creditur
423 2109 674 2156 corporaliter
695 2108 743 2144 ad
971 2113 991 2145 6
1014 2109 1187 2146 Felicitas
1207 2111 1247 2145 B.
1270 2108 1411 2145 Mariae.

130 2159 265 2196 coelum
292 2161 497 2204 assumpta.
796 2160 862 2194 286
971 2173 989 2203 7
1013 2157 1182 2193 Nominis
1207 2156 1327 2203 ipsius
1353 2156 1555 2193 invocatio.

104 2209 125 2244 5
148 2206 275 2243 Gloria
295 2204 574 2252 Assumptionis
597 2205 638 2240 B.
667 2205 743 2240 Ma-
970 2207 990 2240 8
1011 2204 1086 2240 Piae
1103 2204 1352 2251 aspirationes
1367 2206 1404 2241 et
1416 2203 1608 2241 orationes

129 2254 197 2292 riae
216 2253 395 2301 Virginis.
795 2255 860 2300 287
993 2253 1041 2289 ad
1056 2254 1097 2288 B.
1117 2252 1288 2289 Mariam.

488 2372 644 2410 CAPUT
669 2371 872 2408 LXXXVII.
896 2390 937 2398 -
963 2373 1014 2408 De
1034 2371 1144 2417 finali
1158 2370 1319 2416 judicio.

108 2483 122 2506 1
147 2467 286 2505 Finalis
300 2466 434 2514 judicii
451 2465 746 2505 circumstantia:
964 2470 984 2503 6
1005 2467 1194 2504 Adventus
1221 2465 1359 2502 Christi
1378 2464 1531 2519 iudicis.

127 2515 166 2553 in
185 2516 373 2568 generali.
796 2518 863 2564 295
964 2530 983 2562 7
1002 2515 1171 2558 Quatuor
1187 2513 1383 2550 hominum
1399 2512 1578 2551 ordines
1569 2524 1607 2550 111

106 2577 123 2601 2
145 2562 357 2617 purgatorii
374 2573 496 2610 poenoe
516 2566 552 2600 et
572 2563 746 2600 Ecclesiae
984 2561 1142 2608 judicio.

129 2610 325 2650 suffragia.
798 2614 863 2660 295
965 2613 985 2645 8
1003 2609 1203 2646 Judicandi
1220 2609 1354 2645 forma.

107 2663 128 2698 5
145 2657 366 2696 Antichristi
414 2657 642 2704 persecutio,
683 2658 746 2695 ad·
965 2673 985 2705 9
1004 2656 1113 2693 Utilis
1140 2660 1196 2693 est
1213 2656 1345 2701 judicii
1368 2657 1597 2694 recordatio.

128 2711 264 2743 ventus
300 2706 453 2742 chorh
488 2708 524 2741 et
552 2705 660 2759 Eliae,
687 2708 748 2743 ,111-
947 2720 986 2742 ιο
1021 2707 1056 2749 Ι
1050 2704 1120 2740 nis
1155 2704 1342 2758 judicium
1386 2705 1606 2752 praeccdens

131 2755 375 2800 daeorumquc
390 2752 600 2789 conversio.
798 2756 865 2800 296
989 2752 1081 2788 illud
1115 2751 1432 2789 concomitabitur
1468 2756 1506 2790 et
1547 2763 1604 2789 se-

104 2807 126 2847 4
147 2801 403 2849 conflagratio
427 2801 572 2838 mundi.
799 2815 863 2849 297
991 2803 1140 2846 quetur.

110 2853 129 2887 5
152 2829 396 2888 Resurrectio
418 2848 657 2886 universalis.
798 2862 862 2896 297
947 2862 982 2885 ιι
1009 2847 1138 2885 Mundi
1159 2845 1370 2885 innovatio.

1679 216 1740 252 327

1663 590 1732 634 275

1666 685 1733 728 273

1665 780 1732 822 Ω74

1663 922 1730 966 275

1663 1017 1731 1060 276

1660 1113 1729 1157 276

1662 1171 1728 1204 277

1662 1254 1730 1299 278

1659 1515 1726 1550 282

1664 2017 1730 2063 289

1661 2076 1723 2110 291

1658 2171 1724 2204 292

1660 2255 1726 2300 295

1658 2470 1727 2515 298

1659 2576 1728 2610 299

1659 2613 1729 2647 500

1657 2661 1727 2695 300
