1924 3157
379 167 583 206 QUOMODO
626 168 821 202 OOMINUS
858 168 1078 203 Ariminum
1116 167 1279 203 TRIBUS
1318 164 1488 199 ualuis.
1704 160 1762 195 299

122 238 270 274 ratione
295 236 430 282 latriae,
459 241 653 284 tamquam
673 238 789 275 sidem
810 240 893 275 Tri-

123 284 251 321 nitatis
285 289 510 322 astruentes.
547 287 648 322 Unde
682 287 893 330 chrysosto-

120 343 226 368 mus.-
247 334 493 369 ‹Usennerunt
513 334 628 379 pedes
649 335 792 379 e,jus,et
807 344 893 370 cuni

121 380 444 425 superabundanti
469 381 515 416 ad
538 392 625 417 enm
652 380 783 417 laetitia
801 392 895 417 rur-

120 431 261 470 rentes‚
278 431 506 474 acceperunt
524 432 559 464 et
574 439 641 474 per
655 432 799 465 tactum
811 439 896 464 enn-

118 475 319 522 Jecturam,
349 481 386 512 et
411 475 676 512 certitudinem
713 477 894 511 Resurre-

123 521 271 567 ctionis,
294 526 332 559 et
351 522 606 559 adoraverunt
624 533 723 560 eum.
745 524 895 558 Fortas-

124 570 174 606 sis
200 570 337 616 aliquis
370 574 538 606 vestrum
574 570 686 607 vellet
707 574 744 606 et
761 581 894 606 secun-

123 617 214 654 dum
247 617 331 654 illas
362 618 459 653 effici
484 617 676 661 mulieres,
706 621 743 653 et
779 617 895 664 pedes

124 664 296 701 detinere
316 666 418 702 Jesu.
436 666 594 701 Potestis
616 669 654 701 et
674 675 786 709 nunc,
811 664 894 711 qui-

123 722 286 759 cumque
316 711 443 755 vultis,
465 722 541 748 uon
564 712 680 758 pedes
701 715 739 749 et
763 723 895 749 manus

125 760 263 804 solum,
283 759 347 796 sed
369 762 405 795 et
426 762 539 805 caput
552 759 724 796 detinere
743 770 892 795 sacrum

123 805 231 852 illud,
248 806 478 844 terribilibus
498 806 684 851 potientvs
707 807 895 853 mysteriis

124 865 219 938 pura
239 853 479 891 conscientia.
503 855 584 891 Non
612 854 669 890 liic
692 859 819 891 autem
840 866 896 891 so-

142 913 226 947 um;
249 902 314 938 sed
335 905 372 938 et
396 902 433 937 in
454 901 518 938 illa
536 902 595 938 die
611 901 788 939 videbitis
809 913 895 938 cum

125 960 211 986 cum
250 949 434 986 ineffabili
469 949 590 995 gloria
623 949 697 990 illa,
724 954 761 986 et
789 950 894 996 plebe

122 997 354 1043 Angelorum
388 997 615 1041 venientem,
643 997 671 1033 si
702 997 894 1034 volueritis

121 1055 204 1081 esse
226 1043 506 1088 misericordes,
529 1048 567 1080 et
587 1044 750 1080 audietis
779 1046 894 1081 verba

121 1091 220 1128 illa:
253 1094 395 1132 Venite,
427 1093 606 1128 benedieti
648 1093 770 1127 J'atrz's
809 1094 892 1135 mei,

121 1139 334 1176 hereditate
351 1142 531 1186 percipite
549 1150 700 1183 insnum
721 1144 894 1185 paratum

122 1187 224 1223 vobis
251 1191 336 1222 ante
361 1189 658 1223 constitutionem
682 1187 812 1223 mundi
833 1200 843 1222 .-
876 1200 892 1220 »

122 1235 203 1271 haec
242 1235 530 1280 chrysostomus.
569 1236 642 1270 iste
674 1238 730 1270 est
761 1235 894 1271 modus

121 1281 298 1319 veniendi
330 1282 378 1318 ad
413 1284 576 1326 veniam,
603 1281 747 1318 scilicet
785 1292 892 1318 acce-

123 1330 246 1367 dendo
271 1330 319 1366 ad
352 1331 469 1377 pedes
504 1329 667 1373 Christi,
692 1329 794 1365 unde
822 1330 894 1366 de—

124 1379 256 1415 bemus
280 1379 334 1414 ire
354 1378 401 1414 ad
423 1378 593 1414 osculum
615 1376 722 1424 pedis
740 1376 892 1421 Christi,

123 1435 192 1472 per
209 1425 384 1462 devotam
404 1425 628 1468 orationem,
652 1425 733 1471 ejus
752 1424 895 1461 scilicet

123 1472 400 1510 considerando
439 1472 727 1509 humanitatem.
761 1472 798 1508 Si
839 1472 894 1508 vis

125 1530 260 1567 capere
280 1520 544 1557 celsitudinem
574 1519 654 1564 Dei,
678 1530 767 1565 cape
789 1519 894 1567 prius

125 1568 397 1604 humanitatem
427 1567 577 1605 Christi.
603 1568 810 1612 moraliter,
832 1578 893 1604 ac-

126 1615 273 1652 ceditur
292 1615 338 1651 ad
362 1615 566 1660 Christum,
590 1626 654 1661 per
675 1615 790 1652 tidem
809 1615 893 1651 illu—

122 1663 348 1708 minantem,
372 1663 472 1699 unde
494 1664 532 1698 in
562 1662 720 1699 Psalmis
743 1675 750 1698 :
776 1664 892 1699 Acce*

121 1711 198 1746 dite
217 1711 267 1746 ad
292 1721 385 1752 eum,
408 1714 442 1746 et
463 1711 758 1753 illuminamini,-
781 1715 894 1746 tene—

122 1762 266 1805 turper
287 1758 482 1794 caritatem
503 1759 812 1805 conjungentem,
830 1769 894 1793 un-

121 1806 168 1843 de
193 1806 232 1842 in
260 1805 424 1842 Cantieis
449 1818 455 1843 :
482 1807 596 1842 Tenui
633 1816 731 1850 eum,
754 1805 896 1841 scilicet

123 1853 319 1897 dilectum,
353 1865 416 1890 nec
454 1853 672 1896 dimittam3
715 1854 896 1889 adoratur

123 1911 192 1948 pet·
214 1901 330 1938 debiti
353 1901 475 1938 cultus
491 1900 776 1945 exhibitionem,
794 1900 895 1937 unde

123 1959 238 1996 supra
257 1949 296 1984 in
320 1948 522 1995 Evangelio
543 1961 551 1984 ι
572 1951 765 1984 Dominum
783 1950 895 1984 Deum

124 2000 226 2032 tuum
247 1996 436 2036 adorabis.
459 1999 492 2032 et
511 1997 570 2032 illi
587 1998 652 2031 sole
680 1997 828 2032 servies.
854 1997 897 2031 Et

124 2047 212 2081 tuuc
233 2044 467 2089 Magdalenae
488 2047 545 2079 est
575 2043 726 2086 datum,
754 2043 898 2079 scilicet

123 2095 165 2128 ut
181 2095 355 2138 tangeret
368 2101 471 2135 eum,
487 2091 586 2137 quod
606 2092 674 2127 t'uit
692 2095 779 2127 ante
800 2090 897 2127 dila-

124 2142 217 2183 tum,
240 2140 391 2184 quando
407 2139 602 2185 quaerebat
618 2138 804 2175 viventem
814 2148 896 2174 cum

123 2186 299 2231 mortuis,
315 2186 460 2223 scilicet
479 2186 516 2222 in
538 2186 736 2232 sepulchro
758 2189 794 2221 et
817 2186 896 2222 loco

125 2239 377 2271 mortuorum.
401 2234 492 2269 Cum
527 2244 665 2279 magna
700 2233 816 2279 igitur
835 2233 896 2279 ju-

122 2281 316 2319 cunditate
335 2281 513 2318 mulieres
531 2281 611 2317 ista:
631 2281 836 2327 loquuntur
854 2280 900 2317 ad

123 2328 298 2372 invicem,
326 2333 363 2366 et
390 2328 528 2366 faciunt
560 2329 735 2365 similiter
762 2329 901 2365 Pascha

123 2387 314 2423 magnum.
332 2376 411 2421 Hic,
427 2380 465 2413 ut
480 2376 532 2412 ait
547 2378 754 2417 Amoenus,
775 2387 901 2422 quam-

123 2424 189 2461 diu
215 2427 322 2471 potcs
348 2435 511 2467 morare,
535 2435 609 2460 non
638 2423 793 2460 delicias
816 2427 903 2459 tuus

121 2482 276 2508 somnus
312 2470 551 2516 interpollet3
582 2471 707 2509 nullus
739 2470 903 2508 exterior

120 2519 307 2556 tumultus
328 2518 522 2565 impediat.

171 2580 188 2603 2
212 2567 389 2604 Cnmsws
413 2578 477 2602 ms
518 2578 563 2603 An
585 2568 796 2603 Arosronos
819 2578 903 2603 inr—

122 2625 192 2651 τιτ.
214 2635 260 2641 -
293 2617 393 2650 Tune
417 2616 474 2650 ait
513 2616 590 2650 illis
621 2616 724 2650 Jesus
749 2628 758 2651 :
782 2616 904 2652 Nolite

123 2663 264 2704 timere,
286 2663 358 2698 hoc
378 2661 473 2698 dicit
483 2661 530 2698 ad
547 2672 676 2698 carum
697 2662 902 2709 perfectam

122 2709 445 2753 consolationem,
472 2709 562 2756 quia
588 2709 702 2746 timor
739 2711 802 2756 qui
840 2720 902 2746 eas

123 2756 336 2800 invaderat,
353 2758 479 2793 adhuc
501 2757 669 2794 totaliter
683 2758 729 2793 ab
748 2757 802 2793 eis
824 2768 899 2793 non

126 2809 352 2842 recesserat.
380 2804 484 2842 Sicut
514 2805 679 2841 occurrit
703 2806 898 2841 currenti-—

983 239 1068 282 bus,
1081 241 1182 274 avete
1203 237 1331 273 dicens
1345 231 1623 279 gaudentibus3
1642 229 1696 268 ita
1709 229 1756 267 ti-

987 296 1130 322 morem
1147 283 1307 321 ewludit
1325 293 1346 318 a
1366 280 1599 318 timentibus.
1622 279 1664 315 Et
1681 281 1757 315 sta-

985 333 1051 369 tim
1070 333 1263 377 subjiingit
1282 343 1289 366 ε
1307 333 1372 369 Ite.
1392 330 1559 365 nuntiate
1572 326 1758 371 fratribus

984 382 1087 424 meis,
1110 384 1149 414 ut
1168 383 1251 413 mint
1271 380 1307 412 ιἰι
1329 378 1540 419 Galuaeam
1562 375 1616 410 ibi
1635 383 1690 410 me
1707 374 1761 426 yi-

984 429 1133 463 detumet.
1157 426 1222 462 Ubi
1248 427 1489 465 illei-onumus
1514 435 1523 458 :
1555 436 1567 455 u
1603 422 1685 458 Non
1714 430 1755 457 ln

983 477 1127 514 Judaea.
1151 473 1216 509 sed
1240 471 1274 507 in
1299 470 1538 506 multitudine
1554 467 1729 506 Gentium
1749 478 1758 512 ;

983 522 1108 569 gratia
1135 520 1235 557 enim
1265 517 1585 561 transmigratura
1619 518 1666 552 de
1695 515 1762 552 Ju-

985 571 1067 606 daea
1104 568 1152 605 ad
1187 568 1338 610 Gentes,
1368 564 1554 610 praecedet
1590 563 1687 600 viam
1723 561 1762 599 in

985 617 1162 654 cordibus
1186 612 1460 663 praeparando..
1479 626 1491 644 ι»
1517 612 1568 647 De
1587 609 1758 663 Galilaea,

984 670 1022 702 et
1041 665 1088 701 de
1111 664 1181 699 hac
1213 660 1374 697 materia
1399 661 1510 695 iatius
1539 661 1598 695 est
1617 658 1760 694 dictum

983 717 1087 756 autc,
1109 707 1342 757 praecedenti
1368 706 1546 752 capitulo.
1571 705 1681 742 Vides
1697 703 1759 740 hic

984 764 1021 796 et
1048 769 1176 805 supra,
1196 756 1297 803 quod
1333 754 1512 800 Magister
1537 750 1759 788 humilitatis

984 813 1094 843 vacat
1137 803 1343 850 discipulos
1380 811 1469 838 suos
1505 800 1656 843 fratres,
1693 809 1758 835 eos

984 853 1221 892 amicabilius
1234 850 1344 887 solito
1363 848 1579 890 nominans,
1594 850 1635 884 ut
1650 857 1757 899 secu-

985 902 1062 939 rius
1084 901 1131 938 ad
1155 910 1241 937 eum
1264 897 1460 935 accedant.
1484 900 1522 932 et
1543 904 1618 931 non
1643 897 1756 931 time-

984 953 1050 987 ant
1070 948 1264 991 accedere,
1283 950 1440 992 propter
1458 944 1529 980 hoc
1548 942 1650 989 quod
1672 950 1759 978 eum

985 997 1023 1033 in
1040 1008 1107 1034 sua
1126 994 1300 1041 captione
1315 991 1564 1038 reliquerant,
1583 993 1621 1026 et
1636 992 1676 1025 ut
1688 999 1759 1026 ve-

985 1055 1066 1081 ram
1093 1040 1420 1080 Resurrectionem
1449 1039 1632 1081 doceant;
1657 1039 1695 1073 ut
1723 1039 1762 1073 et

983 1092 1031 1128 ad
1050 1093 1235 1128 honorem
1253 1092 1290 1125 et
1307 1087 1355 1124 ad
1373 1096 1543 1123 amorem
1561 1084 1759 1121 accendat.

985 1140 1090 1176 Unde
1102 1139 1290 1176 Rabanus:
1312 1151 1324 1165 u
1345 1136 1441 1170 Vera
1457 1131 1677 1170 fraternitas
1689 1136 1762 1176 est,

985 1198 1069 1234 quse
1091 1187 1247 1222 fratrem
1273 1187 1479 1219 veneratur
1507 1182 1698 1221 devotum,
1725 1182 1763 1215 et

984 1233 1140 1281 corripit
1174 1231 1424 1273 dissolutum;
1461 1238 1544 1274 quae
1581 1227 1761 1280 praesenti

983 1280 1222 1327 obsequitur,
1243 1280 1443 1315 absentem
1475 1286 1550 1312 non
1567 1274 1682 1318 rodit,
1705 1284 1761 1311 sa-

983 1341 1032 1365 no
1051 1327 1261 1375 applaudit,
1288 1325 1484 1361 infirmum
1506 1333 1581 1359 non
1602 1322 1759 1368 deserit,

983 1377 1171 1422 placatum
1200 1385 1276 1411 non
1296 1375 1491 1420 provocat,
1516 1370 1654 1407 iratum
1680 1379 1759 1406 me-

982 1425 1103 1461 tuitut
1116 1424 1299 1469 majorem
1320 1431 1328 1456 ε
1347 1434 1360 1452 »
1383 1420 1464 1456 haec
1477 1419 1670 1455 Rabanns.
1688 1419 1760 1453 An-

983 1472 1089 1515 gelus
1106 1469 1307 1517 Apostolos
1325 1468 1436 1503 vocat
1458 1465 1676 1512 discipulos,
1697 1475 1757 1501 ra-

983 1519 1085 1556 tione
1126 1514 1349 1555 humilitatis
1396 1513 1537 1551 debitae
1558 1541 1567 1559 ,
1595 1512 1755 1549 Domino

982 1567 1078 1604 dans
1100 1568 1304 1608 honorem;
1325 1563 1434 1599 Jesus
1454 1565 1597 1605 autem,
1621 1570 1757 1607 quam-

983 1615 1038 1651 vis
1068 1612 1265 1656 Dominus,
1299 1613 1407 1646 vocat
1440 1620 1504 1646 eos
1537 1609 1690 1653 fratres,
1722 1612 1760 1644 et

984 1661 1166 1706 caritatis,
1207 1663 1243 1696 et
1272 1656 1496 1695 humilitatis
1532 1655 1694 1696 ratione,
1722 1654 1761 1692 in

983 1721 1058 1756 quo
1077 1710 1189 1745 datur
1209 1706 1378 1753 praelatis
1399 1706 1521 1741 t'orma
1536 1703 1708 1741 caritatis
1723 1706 1763 1740 et

984 1755 1225 1801 humilitatis,
1242 1755 1351 1801 juxta
1371 1752 1465 1789 illud
1486 1750 1756 1788 Ecclesiastiei:

983 1807 1168 1842 Rectorem
1190 1807 1223 1839 te
1245 1804 1458 1848 posuerunt,
1485 1801 1562 1836 noli
1598 1799 1755 1842 antella]

985 1857 1058 1889 esto
1079 1854 1118 1887 in
1138 1853 1216 1887 illis
1233 1851 1343 1896 quasi
1359 1859 1454 1884 unus
1470 1859 1516 1884 em
1528 1849 1634 1893 ipsis.
1650 1847 1762 1883 Num-

985 1910 1098 1947 quam
1124 1901 1235 1936 Jesus
1268 1897 1440 1933 omnium
1470 1894 1656 1932 Dominus
1687 1894 1758 1930 hu-

987 1947 1184 1983 militatem
1228 1944 1391 1989 dimisit3
1436 1944 1501 1980 sed
1548 1952 1667 1988 usque
1711 1943 1757 1978 ad

985 1999 1148 2032 mortem
1176 1993 1292 2030 fidem
1320 1991 1353 2028 ei
1379 1990 1557 2036 servavit,
1583 1994 1621 2026 et
1642 1988 1757 2026 etiam

985 2047 1068 2090 post
1091 2046 1267 2084 mortem,
1292 2050 1438 2076 necnon
1461 2042 1499 2076 et
1520 2041 1603 2084 post
1623 2040 1760 2073 Ascen-

986 2091 1145 2126 sionem.
1171 2090 1305 2126 Nonne
1334 2087 1374 2123 in
1404 2087 1479 2123 fine
1507 2086 1622 2132 pedes
1650 2083 1760 2121 disci-

986 2137 1087 2185 pulis
1108 2136 1226 2174 lavit‘?
1241 2137 1374 2172 Nonne
1391 2133 1609 2172 humiliatus
1628 2137 1684 2185 est
1704 2131 1758 2168 ul-

988 2190 1046 2222 tra
1067 2195 1180 2232 quam
1203 2182 1275 2220 dici
1306 2182 1441 2230 possit,
1459 2181 1582 2218 crucis
1609 2180 1757 2226 patibu-

987 2235 1064 2270 lum
1086 2231 1336 2269 sustinendo?
1356 2231 1488 2266 Nonne
1520 2232 1604 2274 post
1625 2228 1760 2264 Resur-

989 2281 1195 2317 rectionem
1219 2280 1365 2315 vocavit
1385 2275 1589 2322 discipulos
1606 2274 1761 2311 fratres?

990 2330 1119 2364 Nonne
1140 2331 1226 2374 post
1246 2325 1518 2362 Ascensionem
1535 2323 1683 2360 locutus
1704 2326 1762 2358 est

992 2378 1109 2412 Paulo
1131 2374 1339 2414 humiliter,
1357 2371 1465 2418 quasi
1483 2371 1531 2408 ad
1546 2379 1762 2417 comparem

992 2434 1100 2459 suum
1125 2434 1133 2458 z
1158 2423 1281 2462 Saule,
1301 2421 1426 2463 Saule,
1450 2419 1541 2465 quid
1566 2429 1622 2454 me
1646 2428 1763 2463 perse-

992 2473 1114 2517 queris
1129 2473 1146 2505 ἱ)
1170 2472 1241 2505 Nec
1257 2466 1467 2504 nominavit
1487 2477 1528 2503 se
1543 2467 1677 2509 Deum,
1696 2465 1761 2518 sed

992 2521 1119 2555 ,lesum
1147 2519 1396 2553 Nazarenum.
1425 2515 1557 2551 Nonne
1583 2512 1697 2549 etiam
1725 2523 1761 2548 iu

991 2566 1079 2603 sede
1106 2563 1315 2611 majestatis
1342 2561 1565 2602 consistens,
1594 2560 1762 2597 dicturus

990 2618 1047 2650 est
1082 2612 1117 2648 in
1138 2613 1198 2649 die
1221 2610 1354 2659 ,iudicii
1378 2623 1386 2647 :
1410 2609 1594 2654 Quamdiu
1620 2609 1762 2654 fecistis

990 2663 1056 2697 uni
1086 2661 1129 2696 de
1167 2662 1222 2696 his
1258 2659 1444 2704 fratribus
1466 2658 1556 2693 meis
1582 2656 1758 2693 minimis.

990 2710 1084 2744 mihi
1102 2709 1244 2752 fecistis
1258 2709 1276 2743 ?
1294 2708 1375 2743 Non
1396 2708 1523 2742 autem
1545 2703 1758 2754 siuecausa

990 2756 1167 2792 virtutem
1204 2755 1302 2792 hanc
1332 2757 1479 2790 tantum
1518 2755 1680 2793 amam,
1723 2753 1757 2784 et

991 2814 1056 2840 suo
1098 2804 1205 2841 nobis
1245 2801 1415 2848 exemplo
1449 2795 1727 2837 commendavit
1747 2809 1756 2842 ς
