1924 3157
518 137 567 170 DE
605 137 777 174 TERTIA.
817 137 860 170 ΙΝ
895 136 1110 172 PASSIONE
1150 136 1319 171 DOMINI.
1696 135 1732 168 Ἡ

100 207 149 244 da
178 207 272 242 mihi
296 207 397 243 nuda
424 210 458 243 et
483 208 623 243 sincera
646 209 876 253 peccatorum

98 264 257 290 meorum
277 256 502 298 consessione
521 259 675 291 veterem
698 256 877 290 hominem

99 312 179 338 cum
195 303 338 338 actibus
356 304 434 337 suis
455 314 599 345 exuere,
621 306 654 338 et
672 304 709 338 in
730 312 878 347 conspe-

98 353 158 386 ctu
176 353 235 385 tuo
252 350 390 385 mulum
410 361 431 386 a
448 351 648 386 virtutibus
666 360 721 385 me
738 360 877 396 nequa-

100 407 210 443 quam
228 408 419 443 apparere.

148 459 169 498 9
198 444 379 481 Cnmsrus
413 455 608 481 rutenus
642 456 816 482 cAEmrun.
836 465 882 471 —

100 492 258 536 Deinde,
275 492 458 529 Dominus
474 493 520 528 ad
536 493 748 529 columnam
770 491 879 528 diris-

101 539 195 576 sime
212 539 365 585 ligatur,
391 540 454 576 ille
470 539 535 585 qui
558 540 707 577 solvere
728 550 881 585 compe-

98 586 198 623 ditos
219 588 314 624 solet
332 599 341 632 ;
381 591 418 624 et
456 587 570 634 plena
606 589 682 624 Deo
710 588 881 624 membra

99 634 322 671 verberibus
341 634 506 671 subdens
524 634 795 671 immanissime
813 635 880 671 ssa-

98 681 274 729 gellatur,
297 686 334 718 et
353 682 519 728 undique
556 682 717 727 flagellis
748 682 880 719 atteri-

95 732 171 774 tur,
190 730 486 775 verberibusque
499 729 703 766 cruciatur.
723 730 804 767 Stat
817 741 882 766 nu-

99 776 168 813 dus
186 787 314 813 coram
331 777 506 813 omnihus
521 778 807 814 amantissimus
824 778 881 824 ju-

96 823 221 869 venis,
241 824 396 871 elegans
413 828 450 861 et.
472 826 724 870 verecundus,
740 829 778 860 ct
797 826 882 861 silet

98 872 145 908 ad
187 872 328 916 omnia,
361 873 467 917 quasi
506 883 639 918 agnus.
682 872 881 919 Speciosus

100 919 224 956 forma
247 931 323 963 prm
356 920 444 956 filiis
478 920 690 956 homiuum.
724 920 881 967 suscipit

101 966 210 1011 dura,
225 977 360 1013 aspera
376 973 408 1003 et
421 968 597 1004 dolorosa
612 968 762 1013 flagella
778 979 882 1014 spur-

100 1013 354 1051 cissimorum.
377 1016 470 1051 Caro
489 1015 550 1051 illa
571 1015 882 1052 innoc··ntissima

99 1065 137 1098 et
155 1062 374 1106 tenerrima,
393 1062 643 1099 mundissima
656 1068 693 1099 et
711 1064 880 1109 pulchcr-

98 1108 208 1154 rima,
232 1110 301 1146 ssos
323 1110 446 1146 omnis
466 1110 590 1146 carnis
617 1117 653 1147 et
676 1111 788 1147 totius
809 1112 882 1147 hu-

102 1167 225 1194 manae
251 1163 410 1196 naturae.
436 1158 607 1204 repletur
625 1159 762 1205 plagis,
785 1158 880 1194 livo-

101 1205 206 1242 ribus
222 1209 259 1242 et
277 1205 452 1242 fracturis
472 1217 480 1249 ;
498 1206 716 1242 vulneratur
738 1216 804 1251 per
823 1209 880 1242 to-

101 1256 181 1289 tum
219 1264 358 1299 corpus
397 1252 489 1289 illud
527 1253 820 1299 sanctissimum,
859 1264 882 1290 a

100 1300 356 1348 planta,pe‹lis
376 1312 495 1347 usque
529 1301 577 1337 ad
598 1301 775 1338 verticem
798 1301 881 1347 ejus

99 1359 175 1385 non
197 1353 370 1385 remanet
390 1348 429 1384 in
449 1359 492 1385 eo
511 1359 613 1385 sauae
634 1350 751 1395 partis
771 1348 881 1385 vesti-

99 1397 217 1443 gium,
239 1400 274 1433 et
298 1400 417 1433 totum
440 1396 480 1432 fit
501 1398 657 1433 rubrum
681 1396 882 1433 vestimen-

101 1446 181 1480 tum
195 1454 316 1480 suum.
331 1444 427 1480 Fluit
439 1444 603 1491 undiquc
616 1446 742 1490 regius
753 1448 789 1480 et
800 1455 883 1491 pre-

99 1491 326 1528 tiosissimus
348 1491 501 1539 sanguis
521 1492 567 1528 de
589 1492 768 1528 omnibus
787 1502 881 1538 par-

101 1538 201 1576 tibus
222 1539 405 1587 corporis,
426 1544 463 1576 et
483 1540 564 1585 ejus
589 1550 725 1587 corpus
751 1539 881 1576 candi-

100 1586 299 1623 dissimum
321 1597 452 1623 cruore
474 1588 557 1634 ejus
579 1598 689 1624 roseo
710 1587 881 1623 rubrica-

100 1638 162 1671 tur
177 1645 242 1681 per
260 1639 394 1671 totum.
419 1635 705 1680 Superadditur,
723 1635 881 1671 reitera-

100 1685 164 1719 tur
182 1686 220 1719 et
243 1682 427 1729 spissatur
446 1682 557 1728 plaga
579 1693 693 1729 super
713 1683 880 1729 plagam,

99 1730 196 1767 livor
231 1741 344 1777 super
364 1729 540 1775 livorem,
567 1730 735 1766 fractura
769 1740 882 1776 super

99 1777 318 1820 fracturam,
337 1777 493 1824 sanguis
508 1788 622 1821 super
639 1777 881 1825 sanguinem,

100 1835 294 1872 quousque
320 1829 397 1861 tam
433 1825 642 1862 tortoribus
671 1836 785 1872 quam
815 1825 883 1861 in—

104 1873 340 1920 spectoribus
368 1872 551 1918 fatigatis,
574 1872 668 1909 solvi
685 1874 843 1919 jubetur
861 1883 884 1909 a

103 1921 295 1964 columna,
316 1921 374 1957 cui
391 1920 460 1957 suit
478 1921 667 1968 alligatus.
688 1921 803 1967 CuJus
821 1932 883 1956 co-

104 1969 244 2005 lumnae
265 1967 392 2015 aliqua
414 1979 500 2014 pars
521 1969 736 2006 ostenditur
756 1969 883 2004 Romae

101 2015 141 2053 in
150 2016 307 2053 ecclesia
321 2021 460 2052 sonctae
477 2016 670 2061 Praxedis,
683 2016 805 2062 major
815 2027 883 2052 au-

102 2067 178 2100 tem
196 2074 285 2110 pars
305 2064 424 2100 fertur
443 2074 526 2100 esse
546 2063 583 2100 in
603 2063 761 2100 ecclesia
777 2074 883 2100 mon-

101 2111 151 2148 tis
173 2112 275 2155 Sion,
302 2111 340 2148 in
362 2112 443 2148 loco
458 2111 521 2148 ubi
534 2111 803 2158 pronuntiatur
819 2121 883 2147 ev-

104 2160 314 2205 angelium;
330 2159 641 2206 quae,secundum
658 2159 802 2200 Bedam,
815 2159 884 2195 Do-

105 2206 234 2243 minici
265 2207 409 2243 cruoris
437 2217 552 2253 usque
583 2206 696 2243 hodie
723 2217 885 2243 cernen-

103 2254 206 2291 tibus
222 2254 380 2301 vestigia
397 2258 499 2291 certa
518 2255 767 2291 demonstrat.
789 2255 887 2298 Quot

104 2305 231 2339 autem
251 2307 288 2338 et
309 2307 459 2348 quantae
491 2302 627 2349 plagae,
648 2302 705 2337 vcl
728 2302 888 2338 vulnera

106 2349 146 2386 in
159 2351 228 2386 hac
247 2349 505 2396 flagellatione
514 2350 584 2387 sibi
598 2349 885 2397 infligebantur,

105 2407 175 2445 pro
202 2402 305 2434 certo
326 2397 412 2433 sciri
448 2408 524 2434 non
550 2401 686 2444 potest,
724 2397 796 2434 nisi
820 2407 889 2444 per

106 2444 395 2490 revelationem,
425 2449 465 2481 ut
497 2455 610 2492 supra
633 2445 777 2482 dictum
805 2448 885 2491 θεῖς

107 2493 174 2529 sed
195 2492 360 2539 oportuit
382 2503 426 2529 ea
447 2503 528 2528 esse
545 2492 649 2539 quasi
672 2492 888 2529 innumera-

110 2540 213 2577 bilia.
242 2540 277 2577 Si
297 2540 412 2585 euim,
435 2543 475 2576 ut
493 2540 630 2576 dicitur
650 2539 689 2576 in
713 2542 892 2577 Deutero-

109 2591 237 2624 nomio
256 2603 264 2624 :
286 2590 355 2624 Pro
376 2599 546 2624 mensura
561 2590 702 2634 peccati
719 2590 787 2624 erit
808 2589 889 2635 pla-

108 2646 239 2680 garum
258 2636 399 2678 modus,
422 2634 590 2672 Christus
608 2640 733 2672 autem
753 2636 891 2683 flagel-

109 2683 259 2720 labatur
282 2694 349 2730 pro
377 2684 542 2730 peccatis
562 2683 713 2728 nostris,
741 2694 825 2730 quae
846 2695 889 2720 u-

111 2730 215 2777 tique
253 2736 342 2767 suut
373 2730 693 2775 iniiumerahilia3
716 2742 835 2778 quare
855 2735 892 2767 et

111 2778 234 2825 plagae
251 2778 561 2816 innumerabiles.
578 2779 622 2814 Et.
637 2780 709 2815 hoc
718 2782 774 2816 est
791 2779 892 2826 quod

953 206 1092 243 dicitur
1114 206 1151 243 in
1171 205 1329 243 Isaia:A
1347 206 1478 254 planta
1497 206 1603 252 pedis
1619 215 1735 252 usque

955 255 1004 290 ad
1019 256 1188 290 verticem
1200 266 1270 291 non
1285 259 1337 291 est
1353 257 1391 291 in
1408 265 1447 291 eo
1459 256 1614 290 sanitas.
1631 254 1735 290 Tunc

954 300 1149 348 impletum
1178 305 1234 338 est
1267 303 1365 348 quod
1392 301 1533 338 ibidem
1557 299 1695 338 dicitur
1722 312 1732 337 :

953 351 1034 386 Non
1054 352 1106 384 est
1127 351 1160 384 ei
1179 351 1314 395 species
1331 360 1446 396 neque
1465 349 1570 385 decor
1588 361 1599 391 ‚-
1617 351 1651 385 et
1669 350 1735 384 vi-

955 397 1076 433 dimus
1101 407 1196 441 eum,
1218 400 1250 431 et
1270 407 1341 432 non
1376 401 1455 433 erat
1487 400 1680 443 aspectam,-
1702 400 1735 432 et

955 446 1064 491 quasi
1098 444 1336 480 absconditus
1359 445 1482 480 vultus
1520 444 1598 489 ejus
1620 447 1654 480 et
1673 443 1735 480 de-

954 495 1112 539 spectus,
1135 496 1169 527 et
1187 493 1442 537 reputavimus
1463 502 1542 527 eum
1563 492 1672 538 quasi
1691 492 1737 528 le-

955 551 1118 586 prosum,
1132 549 1345 585 percussum
1366 549 1388 574 a
1409 541 1479 574 Deo
1500 542 1532 574 et
1554 539 1738 574 humilia-

956 591 1046 623 tum.
1071 587 1175 623 Unde
1191 586 1244 622 ait.
1259 587 1489 631 Augustinus
1506 599 1515 621 :
1533 602 1549 616 u
1565 587 1617 622 De
1633 587 1737 623 vultu

956 634 1059 670 illius
1095 632 1337 681 pulchritudo
1365 634 1569 670 effluxerat
1595 633 1735 679 omnis,

957 685 994 718 et
1015 682 1079 728 qui
1103 685 1185 718 erat
1206 691 1284 727 prae
1307 679 1398 717 filiis
1420 680 1618 717 hominum
1642 691 1737 727 spe-

956 729 1093 773 ciosus,
1113 728 1315 765 videbatur
1327 728 1497 765 omnium
1514 727 1735 774 indecorus3

957 777 1048 824 quia
1074 777 1296 822 iniquorum
1323 776 1418 812 livor
1457 786 1610 811 sacrum
1638 775 1738 812 illius

955 825 1099 861 vultum
1124 824 1332 861 foedaverat
1349 823 1583 860 verberibus.
1605 836 1623 856 υ
1651 824 1737 859 Haec

956 877 1081 909 autom
1101 882 1303 909 recensens
1322 872 1516 907 Anselmus
1539 872 1588 906 sic
1601 870 1735 907 habet:

959 936 975 953 «
992 920 1196 966 thuidem
1215 930 1289 955 non
1305 918 1508 960 ignorabat
1521 918 1658 962 impius
1673 918 1736 954 ille

958 968 1101 1004 Pilatus
1113 978 1182 1014 per
1196 967 1379 1003 invidiam
1397 966 1526 1002 omnia
1538 966 1574 1001 in
1588 969 1624 1002 te
1637 966 1735 1010 sieri,

957 1027 1027 1051 nec
1046 1018 1172 1051 tamen
1206 1014 1390 1051 abstinuit
1415 1013 1641 1049 temerarias
1660 1023 1681 1049 a
1701 1016 1738 1049 te

958 1074 1113 1105 manu<;
1145 1062 1211 1098 sed
1232 1061 1490 1098 amaritudine
1519 1060 1677 1105 replevit
1696 1071 1736 1096 a-

957 1110 1098 1146 nimam
1118 1113 1220 1146 tuam
1243 1109 1323 1145 sine
1345 1119 1472 1146 causa.
1501 1107 1739 1144 Illudendum

956 1161 993 1194 te
1008 1159 1110 1194 misit
1134 1156 1288 1200 Herodi,
1306 1156 1461 1193 illusum
1482 1155 1639 1202 recepit,
1660 1167 1738 1192 nu-

957 1206 1047 1242 dum
1067 1205 1106 1241 in
1129 1208 1334 1250 conspectu
1360 1203 1562 1240 irrisorum
1582 1207 1685 1239 stare
1702 1206 1740 1239 te

953 1254 1069 1299 jussit
1085 1265 1093 1298 ;
1115 1264 1185 1290 nec
1203 1252 1373 1300 pepercit
1392 1249 1645 1288 amarissimis
1660 1261 1738 1287 ver-

958 1301 1113 1337 beribus
1135 1301 1346 1347 virgineam
1367 1310 1521 1336 carnem
1553 1302 1657 1334 tuam
1682 1297 1739 1333 di-

955 1349 1108 1388 vellere.
1137 1349 1267 1394 plagas
1293 1349 1430 1394 plagis,
1453 1346 1589 1382 livores
1609 1345 1739 1382 livori-

954 1396 1026 1433 bus
1043 1396 1235 1443 inssigens.
1251 1395 1375 1431 Electe
1391 1396 1490 1431 Puer
1507 1393 1654 1430 Domini
1672 1393 1740 1429 Dei

956 1443 1043 1487 mei,
1068 1443 1160 1490 quid
1196 1447 1303 1480 tanta
1339 1441 1607 1487 amaritudine,
1648 1441 1738 1486 quid

956 1495 1064 1528 tanta
1095 1491 1316 1528 confusione
1352 1489 1509 1535 dignum
1537 1488 1738 1525 commise-

956 1540 1049 1576 ras?
1067 1540 1228 1575 Prorsus
1252 1537 1359 1575 nihil.
1395 1539 1472 1584 Ego
1508 1537 1624 1573 homo
1652 1547 1737 1582 per-

957 1587 1058 1623 ditus
1078 1586 1192 1623 totius
1216 1585 1468 1628 contritionis,
1493 1583 1609 1620 totius
1640 1595 1739 1620 con-

957 1634 1118 1670 fusionis
1138 1638 1212 1671 tuae
1232 1643 1348 1670 causa
1373 1632 1523 1676 exstiti;
1551 1642 1638 1678 ego,
1666 1633 1737 1668 Do-

958 1683 1075 1721 mine,
1092 1692 1206 1718 uvam
1220 1681 1399 1718 acerbam
1415 1678 1577 1722 comedi,
1591 1684 1629 1716 et
1647 1679 1738 1715 den-

958 1734 1015 1766 tes
1037 1729 1091 1766 tui
1115 1730 1412 1776 obstupuerunt,
1435 1726 1525 1774 quia
1558 1737 1642 1773 quae
1662 1737 1738 1763 non

957 1776 1117 1823 rapuisti
1147 1782 1237 1815 tunc
1261 1776 1492 1813 exsolvebas.
1514 1776 1634 1811 Amor
1653 1777 1742 1811 tuus

959 1828 996 1862 et
1017 1823 1199 1872 iniquitas
1221 1830 1350 1861 nostra
1370 1823 1423 1859 sic
1445 1827 1481 1859 te
1506 1822 1593 1858 fecit
1619 1821 1741 1858 imbe-

960 1872 1100 1910 cillem.
1124 1872 1324 1909 Maledicta
1344 1871 1392 1907 sit
1417 1874 1523 1907 tanta
1544 1871 1742 1916 iniquitas,

960 1931 1027 1968 pro
1047 1931 1122 1967 qua
1142 1919 1194 1956 sic
1209 1918 1415 1966 affligeris!
1436 1920 1475 1954 ln
1492 1918 1667 1954 omnibus
1685 1916 1744 1953 his

959 1979 1037 2004 non
1058 1971 1115 2004 est
1128 1967 1265 2004 satiata
1277 1966 1513 2014 perfidorum
1526 1965 1744 2002 Judaeorum

962 2015 1162 2062 impietas:
1179 2017 1289 2052 »haec
1306 2015 1514 2051 Anselmus.
1530 2012 1622 2049 Vide
1641 2023 1743 2048 nunc

961 2067 1120 2107 attente,
1158 2067 1301 2109 quanta
1327 2065 1364 2098 et
1391 2060 1519 2108 qualia
1550 2060 1598 2097 ab
1627 2060 1743 2107 impio

962 2111 1083 2147 Pilato
1104 2114 1143 2147 et
1162 2121 1185 2147 a
1205 2110 1298 2155 suis,
1321 2109 1402 2146 sine
1423 2119 1537 2145 causa
1562 2107 1744 2144 Dominus

960 2169 1097 2206 passus
1123 2162 1181 2195 est
1208 2169 1274 2204 pro
1310 2161 1361 2202 te,
1404 2160 1440 2192 et
1462 2155 1632 2202 exemplo
1662 2156 1743 2202 ejus

960 2208 1005 2243 a-‘l
1032 2205 1256 2253 patientiam
1272 2205 1310 2241 in
1332 2204 1525 2241 laboribus
1545 2209 1583 2239 et
1603 2203 1741 2239 adver-

961 2253 1136 2290 sitatibus
1151 2254 1377 2289 conl'ortare.
1402 2252 1507 2288 Sicut
1521 2250 1621 2287 euim
1637 2249 1743 2287 Chri-

961 2305 1041 2338 stus
1066 2302 1289 2338 verberatur
1327 2303 1363 2336 et
1392 2298 1553 2345 flagellis
1586 2297 1744 2335 nodosis

961 2360 1049 2386 caro
1076 2349 1141 2385 illa
1161 2347 1402 2385 sanctissima
1428 2353 1466 2383 et
1485 2347 1657 2383 membra
1677 2347 1742 2382 de-

962 2396 1185 2433 licatissima
1203 2395 1389 2432 acerrime
1409 2394 1682 2438 dilacerantur,
1700 2404 1745 2430 ac

963 2454 1102 2490 corpus
1120 2445 1201 2490 ejus
1224 2443 1431 2480 formosum
1454 2441 1578 2490 plagis
1600 2441 1689 2477 livet
1709 2444 1747 2478 et

965 2491 1152 2538 sanguine
1181 2491 1348 2537 undique
1387 2490 1519 2535 rubct;
1546 2489 1599 2525 sic
1638 2489 1748 2525 miles

966 2539 1103 2577 Christi
1127 2542 1304 2575 strenuus
1333 2538 1447 2575 dehet
1474 2547 1612 2584 corpus
1639 2547 1748 2573 suum

966 2599 1034 2635 per
1050 2586 1277 2633 asperitates
1289 2590 1326 2622 et
1343 2585 1504 2622 duritias
1520 2584 1669 2621 debitas
1685 2595 1749 2621 ca-

966 2635 1122 2679 stigare,
1146 2645 1195 2671 ne
1212 2633 1479 2671 inobedivnter
1499 2631 1657 2677 incipiat
1680 2643 1754 2668 re-

967 2683 1180 2719 calcitrare.
1208 2681 1420 2719 Considera
1452 2691 1539 2717 eum
1571 2679 1634 2716 hic
1656 2679 1750 2715 dili-

967 2735 1102 2777 genter
1127 2740 1196 2777 per
1221 2729 1402 2777 longuam
1425 2738 1570 2764 moram
1593 2733 1630 2763 et
1664 2736 1749 2773 spa-

965 2780 1075 2824 tiose,
1098 2781 1136 2814 et
1155 2777 1186 2814 si
1216 2777 1278 2814 hic
1316 2776 1350 2814 ei
1390 2787 1468 2813 non
1504 2775 1747 2821 compateris,
