1924 3157
149 182 208 214 228
584 174 786 209 SECUNDAE:
822 174 979 208 PARTIS
1017 174 1153 206 CAPUT
1195 172 1344 204 txxtx

149 253 185 287 et
206 259 281 285 non
301 248 428 294 plures
448 245 570 292 pisces
588 243 722 289 piscati
750 246 850 279 sunt.
878 245 925 280 Et

148 308 227 333 cum
247 296 343 331 tanti
362 296 573 336 essent,non
594 295 645 326 est
666 293 817 326 scissum
836 294 922 325 rete.

148 346 351 380 Numerum
375 345 412 376 et
440 337 740 385 magnitudinem
768 337 925 383 piscium

149 388 335 436 exprimit,
357 387 404 423 ad
427 385 719 422 declarationem
738 383 923 427 miraculi,

149 449 190 473 ex
217 441 324 472 tanta
346 433 520 480 captione
552 443 696 472 eorum,
717 435 753 467 et
792 433 925 467 iterum

152 495 195 520 ex
218 484 310 519 retis
328 480 561 527 integritate,
579 477 755 525 quoniam
778 489 851 513 nnn
871 481 926 513 est

153 530 323 567 scissum.
364 530 408 564 Et
447 537 586 563 vocans
620 525 800 562 Dominus
825 527 926 560 Jesus

153 576 357 623 discipulos
376 576 467 611 dicit
480 576 530 610 eis
548 586 559 609 .·
583 572 900 618 Venite,prandete
917 584 923 614 ;

153 629 189 661 et
214 624 324 661 simul
349 633 432 659 cum
461 621 516 658 eis
542 620 756 662 comedens,
781 619 828 655 ad
855 619 926 654 de—

153 670 398 708 clarationem
434 679 510 705 suae
537 667 848 708 Resurrectionis‚
874 668 924 708 et,

151 719 199 756 ad
216 717 486 755 ostendendum
504 726 581 751 non
603 724 681 750 esse
701 714 926 759 phantasma

151 767 251 812 quod
272 765 411 801 sactum
426 767 496 803 est,
512 761 601 798 fecit
620 762 674 797 eis
693 759 923 802 convivium,

151 818 188 849 et
208 813 343 849 festum
371 820 549 856 magnum
572 818 656 844 cum
685 808 774 852 ipsis
796 806 832 841 in
862 806 921 840 lit-

150 865 232 897 tore
265 859 378 896 mai-{s
413 860 460 894 Et
481 867 581 891 nemo
620 854 924 890 discumbentium

149 907 306 943 audebat
324 907 549 947 interi-oqare
569 913 673 937 eum:
698 902 750 936 Tu
770 901 835 945 qui
855 910 890 934 es
905 901 923 934 ἶ)

149 965 225 990 non
248 959 399 999 propter
415 949 675 987 austeritatem
696 952 732 983 et
752 946 923 982 formidi-

146 1011 249 1044 nem,
268 1000 333 1036 sed
357 1002 507 1044 propter
529 994 748 1032 reverentiae
761 993 923 1030 auctori-

147 1052 278 1089 tatem.
317 1051 354 1083 et
384 1042 612 1091 cognitionis
645 1041 922 1084 certitudinem,

148 1097 300 1131 scientes
319 1093 483 1129 discreta
500 1089 730 1137 cognitione,
753 1090 841 1134 quia
858 1090 925 1123 Do-

148 1144 270 1178 minus
289 1144 355 1185 est,
372 1138 432 1175 cui
460 1149 542 1174 cum
563 1143 667 1173 metu
686 1139 724 1172 et
746 1145 922 1171 reveren-

149 1189 203 1226 tia
232 1190 381 1234 oportet
412 1186 636 1228 intendere;
663 1188 699 1219 et
728 1182 810 1218 ideo
839 1182 923 1217 sru-

150 1240 227 1273 stra
258 1234 434 1271 fecissent
467 1233 512 1268 de
547 1232 618 1267 hoc
660 1229 921 1276 quaestionem,

151 1285 239 1330 quia
258 1293 335 1319 non
357 1280 555 1328 oportebat
581 1278 704 1313 facere
725 1287 808 1313 eam
828 1287 837 1320 ;
862 1276 923 1312 ubi

153 1332 254 1367 enim
285 1334 342 1366 est
359 1328 498 1364 veritas
519 1326 682 1362 exhibita
707 1327 849 1369 aperte,
872 1323 923 1359 ibi

151 1378 254 1414 nulla
274 1380 331 1413 est
364 1386 455 1420 opus
474 1370 790 1418 interrogatione.
820 1372 922 1406 Unde

150 1426 422 1469 chrysostomus
452 1433 463 1456 :
501 1433 518 1453 «
552 1421 596 1455 Et
626 1429 736 1454 nemo
764 1417 925 1453 audebat

150 1482 238 1508 eum
263 1472 511 1516 interrogare,
532 1467 597 1502 sed
618 1476 702 1502 cum
721 1463 871 1500 silentio
888 1468 924 1499 et

150 1518 351 1555 tormidine
385 1516 502 1551 multa
524 1518 560 1549 et
577 1512 790 1549 reverentia
816 1512 921 1547 sede-

150 1567 241 1603 bant
259 1564 494 1601 attendentes
513 1560 553 1597 in
573 1571 671 1596 eum.
693 1561 785 1595 Nam
803 1557 923 1594 scive-

151 1616 234 1649 rant
253 1611 419 1658 quidem‚
441 1608 529 1656 quia
551 1609 629 1654 ipse
651 1606 831 1643 Dominus
852 1610 921 1651 est,

148 1661 306 1696 formam
326 1664 450 1695 autem
467 1656 723 1692 alteratiorem
738 1653 919 1695 videntes,

149 1712 186 1744 et
207 1707 326 1743 multa
360 1703 610 1741 admiratione
631 1702 795 1748 plenam,
818 1701 922 1735 valde

150 1758 258 1791 erant
277 1750 485 1797 stupefacti.
511 1750 650 1785 »Unde
676 1752 711 1784 et
739 1748 920 1792 Auyusti-

149 1812 217 1837 nus
238 1814 247 1836 :
269 1813 286 1834 «
310 1801 425 1836 Nemo
448 1797 611 1834 audebat
637 1794 808 1831 dubitare
824 1794 923 1839 quod

151 1848 230 1895 ipse
247 1851 356 1891 esset,
380 1851 486 1882 tanta
505 1845 606 1880 enim
633 1848 713 1878 erat
735 1840 923 1878 evidentia

152 1896 333 1939 veritatis,
351 1903 424 1940 qua
440 1892 515 1927 illis
533 1892 639 1927 Jesus
657 1889 924 1935 apparebat‚ut

153 1943 279 1978 nullus
300 1951 429 1976 eorum
449 1939 606 1975 auderet
621 1947 696 1971 non
716 1936 836 1971 solum
858 1944 922 1970 ne-

153 2000 258 2036 gare,
280 1987 346 2024 sed
365 1997 434 2023 nec
453 1985 638 2028 dubitare,
661 1988 698 2019 et
717 1983 803 2019 ideo
823 1981 924 2017 stul-

152 2041 229 2073 tum
250 2038 348 2071 esset
362 2034 606 2078 interrogare.
630 2044 648 2063 »

201 2087 220 2119 5
242 2085 432 2120 JUCUNDUM
463 2081 594 2115 DomNi
629 2089 695 2113 cuii
732 2087 923 2112 DISCIPULIS

152 2141 359 2166 CONviviuu.
383 2148 426 2154 ——
447 2129 495 2163 Et
515 2130 705 2162 consuetae
732 2123 922 2160 humilita-

152 2179 199 2213 tis
221 2189 297 2213 suae
319 2186 421 2212 more
455 2173 674 2209 ministrans
695 2171 763 2214 eis,
789 2173 924 2216 accipit

150 2236 280 2270 panem
297 2228 330 2259 et
356 2223 420 2258 dat
439 2224 503 2264 eis,
523 2219 759 2257 benedictum
782 2223 922 2263 tamen,

152 2275 189 2308 et
209 2269 466 2307 distribuendo
485 2269 657 2311 fractum,
680 2270 712 2301 et
727 2267 861 2312 piscem
876 2267 924 2300 si-

152 2321 300 2357 militer.
323 2321 359 2353 et
378 2316 543 2352 comedit
569 2325 651 2350 cum
673 2313 746 2357 eis3
772 2323 854 2348 nam
879 2323 921 2348 eo

150 2366 262 2402 modo
284 2364 475 2401 dividebat
502 2362 568 2406 eis,
591 2365 627 2396 et
657 2360 919 2399 distribuebat,

149 2413 246 2449 sicut
264 2416 507 2448 consueverat
522 2412 608 2445 ante
631 2407 857 2450 Passionem,
874 2406 921 2441 ad

148 2459 413 2496 declarandam
445 2467 550 2492 suam
578 2454 917 2491 Resurrectionem.

147 2508 254 2543 Stant
275 2505 390 2552 igitur
414 2508 644 2545 reverenter,
686 2502 918 2546 inultumque

146 2553 324 2590 alacriter
352 2551 413 2587 isti
451 2554 594 2595 septem
633 2548 805 2592 discipuli
835 2558 916 2583 cuin

147 2600 306 2637 Domino
322 2609 403 2641 suo,
419 2598 562 2644 pariter
573 2596 817 2632 comedentes
835 2605 918 2630 cum

147 2659 204 2685 eo.
215 2646 410 2693 Aspiciunt
421 2643 724 2686 desiderabilem,
738 2646 774 2677 et
786 2643 918 2687 ‚iucun—

149 2696 236 2732 dam
258 2695 391 2730 faciem
412 2693 506 2738 eJus,
527 2694 564 2726 et
582 2689 819 2726 exsultantia
841 2698 919 2724 cor-

150 2743 260 2779 dibus
276 2742 364 2777 suis.
384 2738 580 2784 Accipiunt
599 2737 644 2772 de
659 2733 919 2772 sacratissimis

152 2790 325 2825 inanibus
352 2787 432 2833 ejus
453 2796 556 2821 escas
579 2782 860 2826 desiderabiles,
883 2786 919 2817 et

1001 242 1223 278 reticiuntur
1251 250 1325 274 non
1358 238 1481 274 minus
1510 240 1768 285 spiritualiter.

1000 299 1110 335 quam
1135 286 1390 332 corporaliter.
1418 286 1445 322 O
1467 288 1575 331 quale
1597 292 1651 322 cst
1672 286 1768 321 istud

1000 334 1235 371 conviviuml
1264 333 1467 369 Considera
1490 334 1583 369 bene
1607 344 1671 379 per
1688 333 1770 369 sin-

1000 383 1100 428 gula,
1124 385 1159 417 et
1181 380 1209 416 si
1232 383 1339 426 potes
1361 381 1524 423 pascaris
1541 391 1625 416 cum
1647 381 1713 416 eis.
1733 380 1768 415 in

1002 427 1250 466 exsultatione
1271 433 1307 462 et
1329 426 1469 462 taeiiiia.
1493 428 1532 462 ln
1557 429 1624 463 boc
1642 427 1772 462 convi-

1002 476 1060 511 vio
1081 474 1253 511 Ecclesi‘r
1274 473 1457 520 spirituali
1489 473 1656 510 Christus
1679 485 1772 519 prae-

1002 527 1109 568 parat
1132 532 1272 565 prunas
1292 520 1473 562 caritatis,
1493 532 1586 565 quas
1605 521 1650 557 de
1672 521 1773 556 emtis

1002 569 1163 616 portavit
1183 570 1228 604 ad
1254 572 1387 612 terras,
1409 568 1499 611 quia
1519 567 1645 613 ignem
1672 568 1773 603 venit

1002 617 1150 653 mittere
1170 615 1208 651 in
1230 619 1384 657 terram,
1404 619 1441 650 et
1465 616 1542 651 vult
1573 618 1610 651 ut
1637 625 1769 651 accen-

1003 665 1124 700 datur.
1147 665 1253 706 Item,
1278 665 1465 708 praeparat
1485 661 1624 708 piscem
1646 673 1771 706 super-

1002 711 1163 764 positum
1180 710 1323 756 prunis,
1339 709 1471 755 quiest
1490 709 1570 756 ipse
1591 710 1767 750 Chi-istu„

1001 768 1064 811 qni
1085 768 1197 810 super
1219 768 1356 802 prunas
1376 756 1538 803 ponitur,
1556 756 1706 802 quando
1728 768 1767 791 ex

1001 808 1172 840 incendio
1194 803 1372 840 caritatis.
1391 815 1457 850 pro
1478 803 1583 840 nobis
1606 805 1641 839 in
1659 814 1768 839 cruce

1000 852 1229 887 immolatur.
1270 853 1375 894 ltem,
1416 854 1600 895 praei-arat
1634 861 1768 896 panem

1000 909 1072 944 quo
1089 898 1364 943 relicimur,qui
1383 902 1438 934 est
1450 902 1486 934 et
1498 899 1573 944 ipsc
1587 897 1770 944 Christus,

999 956 1084 981 nam
1108 945 1186 992 ipse
1211 945 1333 981 reficit
1359 956 1426 980 nos
1458 955 1524 991 per
1546 944 1769 988 doctrinam,

1000 997 1036 1045 et
1052 992 1165 1028 etiam
1183 993 1307 1028 dando
1324 993 1465 1038 Corpus
1482 1002 1589 1028 suum
1608 993 1714 1028 nobis
1734 991 1771 1027 in

1000 1041 1136 1092 cibum.
1159 1041 1262 1075 Dedit
1281 1043 1394 1075 etiam
1415 1038 1592 1075 Dominus
1612 1039 1772 1084 discipu-

1000 1087 1044 1122 lis
1064 1087 1218 1133 piscem,
1233 1088 1320 1132 quia
1341 1097 1446 1122 suam
1466 1088 1681 1122 Passionem
1695 1085 1774 1122 imi-

1000 1135 1153 1170 tandam
1175 1133 1336 1170 ostendit
1355 1145 1362 1176 ;
1388 1133 1491 1169 dedit
1512 1137 1548 1169 et
1568 1144 1649 1169 cuni
1673 1135 1772 1179 pisce

999 1192 1149 1227 panem,
1169 1181 1254 1226 quia
1272 1191 1294 1226 p
1313 1187 1355 1216 -st
1372 1180 1612 1216 tolerantiam
1636 1180 1774 1224 passio-

1000 1228 1058 1264 nis
1084 1228 1222 1274 gandia
1242 1232 1391 1263 aeterna]
1423 1228 1610 1264 societatis
1644 1238 1772 1273 repro-

1000 1275 1113 1311 misit.
1140 1276 1242 1311 Unde
1263 1276 1493 1319 Auqustinus
1516 1288 1525 1309 :
1545 1289 1562 1307 «
1586 1276 1685 1310 Fecit
1706 1276 1773 1310 Do-

1001 1322 1121 1375 minus
1141 1322 1338 1367 prandium
1357 1326 1498 1368 septem
1515 1321 1705 1368 discipulis
1725 1322 1770 1357 de

1000 1380 1100 1415 pisce
1118 1380 1217 1413 asso,
1237 1373 1273 1404 et
1288 1368 1372 1405 aliis
1392 1380 1484 1414 quos
1504 1372 1709 1414 coeperant,
1736 1374 1770 1404 et

999 1427 1106 1462 pane.
1135 1417 1252 1452 Piscis
1273 1427 1392 1459 assus,
1426 1417 1592 1452 Christus
1613 1421 1668 1451 est
1690 1427 1772 1460 pas-

1001 1474 1086 1507 sus;
1110 1465 1188 1509 ipse
1217 1466 1270 1499 est
1303 1468 1340 1498 et
1372 1463 1492 1508 panis,
1510 1462 1571 1509 qui
1605 1463 1651 1499 de
1678 1463 1770 1499 coelo

1000 1510 1204 1546 descendit.
1236 1510 1325 1545 Hiiic
1367 1511 1629 1556 incorporatur
1650 1510 1771 1545 Eccle-

1000 1559 1056 1593 sia
1088 1559 1133 1593 ad
1168 1557 1463 1604 participandam
1504 1557 1770 1593 beatitudinem

1000 1608 1193 1649 aeternam,
1232 1608 1381 1649 propter
1411 1605 1510 1650 quod
1542 1604 1684 1640 dictum
1715 1613 1769 1640 esi

999 1663 1019 1688 a
1044 1652 1200 1687 Domino
1230 1663 1238 1688 :
1265 1653 1403 1697 Afferte
1433 1653 1476 1687 de
1494 1653 1657 1698 piscibus
1682 1663 1770 1697 quos

997 1699 1243 1745 prendidistis
1267 1710 1375 1740 nunc,
1395 1703 1432 1734 ut
1444 1709 1574 1735 omnes
1589 1698 1652 1745 qui
1674 1700 1768 1734 ban:-

998 1757 1101 1792 spem
1123 1746 1491 1792 gerimus,perillum
1511 1748 1765 1792 septenarium

999 1803 1197 1828 numerum
1233 1792 1517 1839 discipulorum,
1558 1804 1625 1840 per
1661 1805 1770 1838 quoni

1000 1842 1123 1886 potest
1140 1843 1268 1875 nostra
1291 1840 1514 1876 universitas
1536 1839 1693 1886 intelligi
1731 1840 1771 1874 ti-

1000 1891 1146 1940 gurata‚
1180 1891 1283 1923 tanto
1310 1888 1553 1923 Saferamento
1583 1898 1650 1923 nos
1676 1898 1774 1922 com-

1001 1944 1192 1970 municare
1210 1945 1418 1978 nossemus,
1445 1938 1481 1970 et
1507 1934 1630 1971 eidem
1650 1933 1771 1970 beati‘

999 1981 1119 2017 tudini
1133 1992 1200 2017 nos
1218 1981 1371 2017 sociari:
1395 1995 1410 2014 u
1429 1982 1508 2017 haec
1526 1982 1770 2026 AuqustinuS.

1000 2029 1086 2064 Ideo
1109 2028 1220 2064 etiam
1250 2029 1419 2064 ultimum
1455 2028 1664 2064 convivium
1686 2039 1768 2064 cum

1000 2079 1142 2117 septem
1170 2075 1358 2121 discipulis
1390 2075 1620 2121 piscantibus
1652 2075 1770 2111 voluit

1000 2123 1203 2176 celebrare,
1243 2124 1329 2168 quia
1356 2122 1408 2158 illi
1442 2127 1526 2169 post
1558 2122 1769 2158 universale

995 2170 1178 2222 judicium
1199 2182 1279 2205 rum
1306 2170 1461 2206 Domino
1482 2174 1663 2206 aeternum
1684 2181 1767 2205 con-

999 2217 1136 2269 vivium
1159 2220 1245 2269 sunt
1262 2217 1500 2260 celebraturi,
1521 2217 1581 2263 qui
1599 2218 1769 2263 septifor-

999 2274 1069 2299 mis
1097 2265 1256 2310 Spiritus
1296 2264 1422 2301 Sancti
1464 2264 1585 2311 gratia
1621 2263 1768 2310 repleti,

998 2312 1132 2346 ssuctus
1145 2311 1340 2356 praesentis
1361 2312 1476 2347 seculi
1497 2311 1622 2347 divino
1641 2321 1770 2347 amore

998 2359 1156 2410 calcant,
1180 2358 1268 2393 etin
1289 2358 1476 2394 imminuis
1497 2358 1695 2395 animabus
1717 2357 1770 2393 in·

997 2405 1165 2450 vigilant.
1190 2406 1290 2441 Unde
1305 2406 1525 2449 Groqorius:
1550 2420 1565 2438 ι(
1591 2407 1664 2441 Cur
1685 2416 1767 2441 cuni

997 2456 1138 2497 septem
1158 2452 1350 2494 discipulis
1368 2452 1540 2488 ultimum
1557 2452 1768 2488 convivium

996 2501 1174 2551 celebrat.
1194 2499 1261 2534 nisi
1292 2500 1391 2545 qnod
1406 2510 1470 2535 eos
1492 2499 1768 2539 tantummodo,

997 2556 1058 2591 qni
1082 2546 1286 2590 septiformi
1312 2548 1432 2592 gratia
1461 2547 1621 2591 Spiritus
1643 2547 1767 2582 Sancti

997 2594 1092 2638 pleni
1119 2597 1219 2636 sunt,
1250 2596 1393 2629 tuturos
1422 2605 1546 2629 serum
1571 2595 1606 2628 in
1628 2597 1769 2629 aeterna
1826 2586 1829 2589 ’

995 2640 1197 2675 retectione
1214 2641 1434 2676 denuntiat?
1449 2642 1595 2687 Septem
1620 2651 1766 2685 qnoque

994 2687 1126 2723 diebus
1151 2698 1261 2723 omne
1300 2688 1368 2723 hoc
1396 2693 1542 2733 tempus
1569 2687 1765 2730 evolvitur,

995 2736 1030 2769 et
1057 2745 1154 2779 saepe
1180 2745 1248 2781 per
1275 2734 1528 2781 septenarium
1567 2744 1762 2770 numerum

994 2782 1172 2827 perfectio
1212 2781 1446 2828 designatur.
1486 2781 1542 2818 Illi
1575 2791 1664 2826 ergo
1701 2781 1762 2816 ul·-
