1924 3157
107 861 122 1018 l

599 133 650 167 DE
687 131 812 174 NONA,
851 131 898 166 IN
936 132 1159 168 PASSIONE
1198 134 1366 169 DOMlNI.

162 203 248 241 lites
265 205 331 250 qui
351 214 430 240 eum
452 215 489 240 eo
506 207 610 240 erant
627 204 867 240 custodientes
883 204 937 238 Je-

160 262 253 293 sum.
281 251 319 287 in
343 262 452 288 cruce
487 262 684 299 quousque
715 250 936 295 expirasset,

161 301 360 335 timuerunt
380 300 498 335 valde.
524 301 566 336 Et
585 299 719 336 divinite
736 297 861 334 virtuti
885 301 938 333 tot

159 349 197 382 et
219 349 323 382 tsinta
348 346 531 383 miracula
553 346 790 390 ascribendo,
812 349 937 382 centu-

158 394 214 430 rio
234 395 457 440 ylorz'ficurit
477 398 602 439 Deum,
623 394 709 430 fida-i
733 393 937 430 consessio-

158 452 205 477 ne
225 453 233 485 ;
259 453 300 478 ac
311 440 935 489 potestatemetveritatem‹livini-

158 489 246 525 tatis
266 489 302 525 in
330 489 476 526 Christo
505 490 665 526 confessi
688 492 773 525 sunt
804 498 935 524 omnes

158 539 221 583 qui
253 547 335 573 cum
363 548 406 573 co
438 538 609 581 aderant,
633 537 790 572 dicentes
811 548 821 571 .·
846 538 935 571 Vere

156 585 215 620 hio
236 586 338 620 homo
354 585 479 629 justus
513 588 592 620 erut
611 595 669 627 ;...
700 594 781 619 vere
817 584 934 619 Filius

156 634 222 668 Dei
243 636 321 668 erat
339 634 419 676 iste,
443 631 550 668 aliter
573 631 672 668 enim
694 630 932 676 tantagloria

159 679 194 715 in
210 680 291 723 ejus
306 685 426 715 morte
442 691 514 715 non
532 682 744 726 appareret.
765 678 931 714 Mattlisc-

157 737 197 763 us
217 727 307 763 dicit
331 739 339 763 ε
365 729 455 764 Vere
474 728 592 763 Filius
628 729 695 763 Dei
730 730 808 762 erat
835 727 928 770 iste3

155 776 319 810 Marcus:
337 776 427 811 Vere
441 776 609 810 hiclzomo
622 776 739 810 Filius
747 775 813 809 Dei
825 777 902 809 erat
919 785 926 816 3

156 822 273 858 Lucas
292 833 300 858 ε
326 823 417 859 Vere
429 823 487 858 hic
509 823 610 858 homo
628 822 754 867 justus
774 821 928 857 erat.1bi

155 870 312 906 resultat
345 869 480 906 veritas
517 869 667 906 deitatis
694 869 745 913 in,
781 868 928 906 Christo

154 917 240 963 quia
257 928 336 953 vere
348 919 465 953 Folius
482 920 564 961 Dei,
582 917 631 954 ibi
649 917 786 964 veritas
801 917 928 953 liuma-

155 963 296 1010 nitatis,
315 965 402 1010 quia
415 976 495 1001 rere
511 967 568 1000 hie
585 967 686 1001 homo
698 965 711 1008 ς’
725 963 775 1001 ibi
791 963 929 1000 veritas

153 1011 377 1048 innocentiae
391 1024 467 1049 suae
482 1017 519 1049 et
534 1012 759 1055 sanctitatis,
771 1011 859 1058 quia
870 1023 927 1047 ve-

150 1070 189 1095 re
204 1064 330 1104 Justus
347 1065 437 1095 erut.
458 1062 499 1096 Et
521 1061 600 1096 haec
623 1060 695 1096 tria
716 1059 928 1096 necessaria

147 1111 256 1143 erant
273 1108 321 1143 ad
339 1107 656 1154 redemptionem,
672 1106 815 1143 scilicet
835 1119 842 1142 ε
862 1108 927 1143 ho-

151 1165 211 1191 mo
235 1154 298 1201 qni
336 1155 505 1198 deberet,
541 1156 638 1191 Deus
671 1156 735 1201 qui
769 1154 924 1200 valeret,

145 1202 268 1249 justus
290 1202 353 1249 qni
371 1206 608 1248 congrueret.
633 1204 676 1238 Et
701 1213 743 1239 ex
764 1202 844 1238 istis
865 1213 927 1248 ag-

149 1254 328 1297 gravatur
349 1250 471 1287 scelus
490 1251 710 1287 Judaeorum
732 1261 740 1286 :
759 1250 849 1296 quia
870 1262 927 1286 oc-

151 1297 289 1334 ciditur
315 1299 414 1335 Deus
431 1309 452 1334 a
474 1298 728 1343 servis,homo
751 1308 772 1333 a
795 1297 924 1334 bestiis

149 1345 438 1393 caninis‚justus
454 1357 541 1382 vero
554 1347 600 1383 ab
615 1345 774 1392 injustis.
791 1346 925 1381 Multos

149 1392 301 1439 quidem
346 1398 438 1430 istos
476 1394 523 1430 ad
569 1394 681 1430 tidem
719 1392 924 1429 divinitatis

149 1441 286 1478 Christi
307 1440 506 1488 disposuit,
529 1442 628 1488 quod
656 1452 739 1477 cum
758 1442 923 1477 clamore

148 1499 288 1534 magno
329 1489 381 1525 sic
420 1493 592 1536 potenter
622 1492 658 1525 et
692 1488 922 1525 dominative

147 1536 319 1584 spiritum
342 1536 476 1573 emisit.
495 1536 681 1573 Videbant
702 1535 802 1572 enim
823 1536 922 1582 quod

147 1584 362 1620 clamorille
378 1583 674 1631 supernaturalis
695 1591 731 1620 et.
752 1583 922 1620 miracu-

148 1631 251 1668 losus
294 1632 374 1676 suit,
415 1632 504 1679 quia
542 1637 697 1679 propter
733 1632 921 1667 desectum

145 1679 339 1726 sanguinis
361 1683 397 1716 et
422 1680 600 1716 effluxum
621 1679 836 1726 spirituum,
856 1683 920 1715 ta-

144 1726 190 1763 lis
211 1728 353 1763 clamor
373 1727 454 1763 fieri
480 1738 554 1763 non
580 1727 703 1774 potuit
722 1728 769 1763 ab
798 1727 919 1763 bomi-

143 1785 191 1811 ne
212 1775 263 1811 sic
282 1776 495 1822 propinquo
516 1775 626 1811 morti
647 1787 655 1819 ;
677 1779 711 1811 et
733 1774 817 1811 ideo
836 1786 921 1811 con-

141 1822 337 1859 cluserunt
369 1823 471 1869 qu‹›d
505 1827 605 1859 esset
633 1823 751 1859 sactus
785 1822 919 1860 virtute

140 1870 267 1907 divina
296 1870 591 1918 supernaturali,
627 1875 663 1907 et
683 1881 750 1916 per
783 1882 911 1907 conse-

141 1928 259 1963 quens
291 1919 391 1964 quod
426 1920 504 1965 ipse
542 1922 640 1955 esset
676 1918 793 1954 Filius
835 1918 914 1955 Dei.

140 1966 247 2010 Quod
280 1965 395 2002 etiam
432 1977 474 2002 ex
511 1966 581 2002 hoc
622 1966 916 2013 perpenderunt,

140 2014 227 2060 quia
249 2014 398 2060 quando
421 2013 550 2054 voluit,
568 2018 654 2050 tunc
669 2013 842 2060 spiritum
865 2015 918 2050 di·

140 2061 241 2097 misit
261 2073 269 2105 ;
310 2066 349 2097 ut
388 2061 488 2097 enim
531 2061 621 2098 dicit
656 2064 914 2107 Hieronymus,

141 2109 267 2145 nullus
303 2109 418 2145 habet
442 2113 662 2153 potestatem
699 2109 916 2146 dimittendi

141 2156 329 2203 spiritum,
348 2156 417 2192 nisi
437 2156 572 2202 illequi
593 2159 803 2193 animarum
825 2169 915 2194 con-

139 2204 240 2240 ditor
260 2208 334 2247 est;
352 2209 402 2248 et,
424 2205 634 2241 secundum
648 2207 913 2252 Auqustinum,

140 2262 224 2288 cum
245 2256 327 2298 post
350 2253 451 2289 illam
472 2263 602 2289 vocem
639 2253 818 2289 continuo
837 2258 915 2289 tra-

139 2299 235 2335 didit
254 2299 442 2344 spiritum,
464 2301 535 2336 hoc
555 2300 716 2337 maxime
734 2300 796 2346 qui
817 2301 916 2338 ade-

141 2351 226 2383 rant
253 2351 339 2383 sunt
359 2347 499 2393 mirati,
531 2347 643 2394 longa
672 2348 773 2385 enim
795 2353 916 2385 morte

142 2394 406 2432 cruciabantur
434 2394 471 2432 in
506 2394 608 2441 ligno
643 2396 828 2443 suspensi.
864 2398 916 2433 De

143 2443 214 2478 isto
236 2442 478 2487 Centurione,
497 2443 549 2479 sic
564 2443 654 2479 dicit
673 2445 910 2480 Bernartius:

143 2504 162 2523 «
182 2491 269 2526 Erat
284 2490 343 2526 ille
356 2490 531 2527 Centurio
544 2491 840 2535 incircumcisus,
851 2492 917 2528 sed

141 2548 216 2574 non
235 2549 339 2581 aure,
354 2538 414 2584 qui
433 2539 480 2574 ad
498 2550 611 2575 unam
632 2539 836 2586 expirantis
860 2550 918 2575 vo-

139 2595 218 2622 cem
234 2586 917 2623 subtotinssrmitatnminduciisnihi-

139 2633 300 2669 lominus
311 2633 509 2670 Dominum
527 2635 732 2680 mejestatis
743 2635 914 2681 ag110xit;

139 2681 301 2727 ideoque
316 2693 388 2717 non
407 2683 573 2727 despexit
594 2684 691 2728 quod
706 2683 810 2726 vidit,
831 2683 919 2728 quia
957 2709 959 2722 .

956 2727 958 2747 ³
995 2734 1112 2776 petrae
1139 2729 1376 2767 scinduntur,
1406 2727 1527 2762 vtlum
1556 2724 1682 2771 trmpli
1705 2725 1769 2759 di-

956 2767 959 2823 l
995 2777 1356 2824 viditur,sepulchra
1368 2775 1614 2823 aperiuntur3
1630 2772 1695 2809 sed
1713 2781 1771 2806 so-

139 2729 300 2765 credidit
324 2732 420 2775 quod
446 2729 724 2766 nnndnmvidit.
749 2732 827 2766 Non
851 2742 916 2766 au-

138 2779 216 2813 tem
231 2777 393 2814 credidit
411 2788 454 2813 ex
477 2788 521 2814 eo
543 2778 643 2824 quod
664 2777 771 2823 vidit,
791 2779 858 2816 sed
874 2789 917 2815 ex

1743 132 1800 166 ¹33

1018 214 1062 239 eo
1091 205 1190 250 quod
1224 205 1368 242 audivit
1399 217 1406 240 ;
1446 204 1535 252 quia
1561 204 1650 251 fides
1669 207 1726 241 est
1749 215 1794 240 em

1017 252 1160 292 auditu,
1203 255 1353 289 auditus
1392 256 1513 289 autem
1544 263 1611 299 per
1646 253 1794 287 verbum

1017 299 1169 334 Christi.
1207 314 1224 332 υ
1270 303 1312 337 Et
1339 301 1546 338 secundum
1574 301 1793 346 chrysosto—

1015 356 1126 390 mum,
1149 347 1340 391 Centurio,
1378 353 1418 385 ut
1463 348 1619 392 quidam
1647 349 1792 391 dicunt,

1015 403 1090 428 non
1106 394 1226 429 solum
1250 398 1446 432 consessor
1472 397 1560 440 suit;
1590 395 1655 432 sed
1680 396 1795 432 etiam

1013 441 1280 477 corroboratus
1306 443 1344 478 in
1371 444 1443 480 tide
1467 443 1687 490 martyrium
1708 452 1795 478 sus-

1013 488 1124 534 cepit.
1151 489 1222 524 Per
1246 490 1315 525 hoc
1338 492 1438 535 quod
1463 490 1641 527 Centurio
1663 489 1790 526 Genti-

1012 535 1057 572 lis
1078 536 1268 573 confessus
1297 537 1364 573 suit
1391 537 1583 574 Christum
1607 543 1683 574 tam
1708 537 1792 573 cla-

1011 594 1066 628 re,
1089 583 1302 627 significata
1322 584 1390 620 t'uit
1417 585 1584 631 gloriosa
1602 584 1789 622 consessio

1010 631 1230 676 Gentilium,
1253 631 1290 667 in
1313 642 1444 668 eorum
1460 633 1735 677 conversione,
1752 635 1789 668 et

1010 678 1149 715 duritia
1186 679 1420 724 Judaeorum,
1463 679 1502 715 in
1546 680 1786 716 infidelitate.

1010 726 1113 762 Unde
1139 728 1383 770 Hieronymus
1406 740 1413 764 :
1440 743 1457 758 «
1487 727 1683 763 Novissimi
1711 739 1786 763 au-

1007 775 1081 809 tem
1096 785 1194 810 nunc
1207 775 1319 821 primi
1337 774 1569 815 efficiuntur,
1581 774 1669 820 quia
1681 774 1781 810 Gen·

1008 820 1082 857 tilis
1098 822 1258 868 populus
1276 822 1506 866 confitetur;
1531 825 1567 858 et
1590 822 1693 867 plebs
1719 823 1780 858 Ju-

1006 868 1114 905 daica
1140 874 1279 906 caecata
1304 875 1430 916 negat,
1455 874 1495 906 ut
1515 870 1581 906 fiat
1599 870 1654 906 eis
1673 880 1782 905 error

1006 916 1233 953 novissimus
1259 918 1365 964 pej0r
1393 919 1532 964 priore.
1570 932 1588 949 »
1620 916 1722 954 Unde
1749 919 1785 952 et

1005 965 1103 1000 Beda
1127 980 1134 1001 :
1159 965 1305 1008 Quanta
1325 976 1416 1007 ergo
1453 966 1602 1001 caecitas
1625 964 1783 1000 Judaeo-

1006 1022 1106 1056 rum,
1123 1013 1200 1059 qui,
1219 1017 1255 1049 et
1276 1023 1343 1059 per
1364 1012 1565 1049 Dominum
1580 1011 1785 1048 virtutibus

1005 1059 1126 1103 sactis,
1150 1060 1266 1096 tantis
1287 1060 1326 1095 in
1358 1066 1479 1098 morte
1501 1060 1582 1106 ejus
1603 1069 1784 1105 apparen-

1004 1106 1104 1143 tibus
1125 1107 1256 1153 signis,
1288 1108 1443 1144 credere
1477 1109 1717 1153 respuerunt,
1748 1109 1785 1142 et

1004 1153 1305 1191 insensibiliores
1327 1154 1511 1191 Gentibus
1535 1156 1650 1190 Deum
1670 1153 1782 1199 glori-

1003 1201 1118 1238 ficare
1134 1203 1191 1239 vel
1204 1202 1340 1239 timore
1360 1204 1695 1248 contempserunt3
1715 1212 1782 1237 un-

1003 1250 1049 1286 de
1074 1250 1209 1286 merito
1231 1261 1298 1296 per
1313 1249 1580 1286 Centurionem
1603 1249 1697 1285 fides
1715 1250 1782 1284 Ec-

1002 1297 1124 1333 clesiae
1156 1297 1389 1344 designatur,
1414 1308 1498 1344 quae
1527 1297 1609 1333 velo
1641 1300 1782 1343 myste-

1002 1345 1144 1381 riorum
1161 1345 1368 1382 coelestium
1386 1356 1453 1392 per
1473 1348 1634 1381 mortem
1656 1344 1782 1380 Domi-

1001 1394 1038 1428 ni
1060 1396 1244 1437 reserato,
1268 1392 1446 1429 continuo
1472 1394 1619 1437 Jesum,
1639 1395 1676 1428 et
1692 1401 1778 1427 vere

996 1440 1140 1487 justum
1160 1440 1366 1485 hominem,
1382 1443 1420 1477 et
1434 1451 1520 1477 vere
1537 1439 1603 1476 Dei
1626 1438 1778 1484 Filium,

1000 1499 1192 1535 synagoga
1210 1492 1374 1533 tacente,
1389 1488 1604 1524 confirmat.
1623 1500 1641 1519 »
1671 1486 1778 1523 Unde

1001 1537 1114 1572 etiam
1140 1536 1358 1572 Ambrosius
1381 1551 1388 1572 :
1415 1549 1433 1569 «
1455 1536 1482 1572 O
1507 1534 1661 1571 duriora
1680 1533 1778 1570 saxis

1000 1588 1152 1630 pectora
1193 1583 1435 1620 Judaeorum!
1473 1584 1593 1619 Judex
1637 1581 1776 1629 arguit,

999 1632 1120 1668 credit
1141 1630 1329 1675 minister,
1350 1630 1653 1677 proditorscelus
1667 1639 1778 1666 suum

998 1685 1120 1715 morte
1139 1679 1380 1722 condemnat,
1403 1678 1593 1715 elementa
1614 1676 1779 1724 fugiunt,

998 1730 1099 1763 terra
1115 1726 1596 1771 concutitur,monumenta
1609 1735 1781 1761 reseran-

997 1778 1082 1819 tur;
1108 1775 1328 1811 Judaeorum
1344 1778 1473 1810 tamen
1489 1772 1695 1809 immobilis
1716 1772 1782 1808 du-

996 1822 1084 1858 ritia
1111 1825 1253 1867 manet,
1275 1822 1368 1858 orbe
1407 1832 1590 1858 concusso
1612 1834 1622 1856 :
1655 1833 1674 1853 »
1697 1820 1779 1856 haec
1846 1865 1850 1877 ,

994 1871 1226 1906 Ambrosius.

1043 1934 1063 1965 9
1084 1919 1198 1965 ΟᾸιλῖῐε
1217 1929 1403 1961 CREMURA
1423 1917 1579 1953 Cnmsro
1601 1926 1776 1951 uomexTi

994 1966 1229 2002 conpjmwn.
1248 1987 1292 1993 —-
1307 1964 1511 2003 Considera
1533 1974 1624 2009 ergo
1640 1967 1694 2007 tu,
1710 1963 1777 1999 ho-

993 2025 1054 2050 mo
1077 2014 1380 2060 redempte.quis
1402 2016 1616 2058 etquantus
1635 2015 1672 2047 et
1683 2021 1774 2057 qua-

993 2061 1038 2097 lis
1071 2065 1140 2106 est,
1163 2062 1227 2107 qui
1251 2073 1316 2106 pro
1351 2066 1387 2098 te
1410 2063 1548 2107 pendet
1572 2059 1610 2094 in
1632 2069 1771 2103 cruce;

992 2110 1098 2156 cujus
1127 2109 1329 2146 transitum
1366 2113 1403 2145 et
1435 2107 1571 2160 coelurn
1605 2107 1710 2153 luget
1737 2110 1775 2142 et.

992 2161 1107 2199 terra,
1127 2161 1165 2194 et
1184 2157 1330 2203 lapides
1348 2156 1449 2199 duri,
1464 2165 1572 2202 quas¹
1596 2164 1770 2200 compas-

990 2204 1096 2240 sione
1116 2204 1354 2246 scinduntur,
1368 2205 1473 2250 quus
1485 2213 1587 2238 mors
1602 2205 1773 2237 mortuos
1813 2245 1816 2250 ,

992 2250 1172 2296 vivificat,
1216 2256 1253 2289 et
1292 2262 1406 2298 quem
1442 2248 1568 2286 omnis
1596 2253 1774 2285 creatura

992 2300 1196 2337 Dominum
1217 2310 1324 2336 suum
1342 2299 1558 2335 confitetur.
1572 2297 1600 2333 Ο
1621 2307 1686 2332 cnr
1703 2297 1773 2332 hu-

993 2358 1146 2384 manum
1167 2348 1337 2384 omnium
1359 2346 1525 2394 lapidum
1547 2343 1690 2380 duritia
1710 2344 1775 2379 du-

992 2395 1085 2439 rius,
1134 2395 1165 2431 si
1196 2395 1245 2431 ad
1284 2394 1378 2430 tanti
1412 2391 1776 2445 rememorationem

992 2442 1144 2490 piaculi,
1170 2453 1237 2479 nec
1270 2447 1418 2479 terrore
1450 2444 1678 2483 concuteris,
1707 2449 1777 2475 nec

993 2490 1252 2536 compassione
1279 2489 1457 2533 afficeris,
1492 2498 1561 2524 nec
1587 2497 1778 2534 compun-

994 2538 1116 2574 ctione
1153 2537 1350 2582 scinde-ris,
1375 2547 1443 2573 nee
1479 2534 1620 2582 pietate
1647 2533 1775 2570 molli-

994 2586 1070 2622 ris!
1097 2586 1201 2622 Unde
1225 2585 1315 2622 dicit
1335 2587 1578 2628 Hieronymus
1607 2595 1617 2618 ε
1643 2595 1660 2615 «
1683 2582 1772 2618 Om-

994 2634 1052 2669 nis
1067 2638 1241 2670 creatura
1257 2633 1406 2670 Christo
1425 2631 1602 2668 morienti
1618 2640 1770 2675 compa-

995 2681 1108 2717 titur:
1125 2682 1178 2718 sol
1202 2683 1440 2723 obscuratur,
1460 2684 1563 2715 terra
1583 2681 1769 2721 movetur,
