1924 3157
155 175 217 210 386
392 201 395 203 .
646 170 781 204 INDEX
821 166 1072 202 GENERALIS
1110 165 1283 200 RERUM·

153 247 283 283 Mortis
299 242 502 290 spiritualis
527 241 602 278 tria
619 240 741 287 signa.
840 237 889 284 ΙΙ,
909 241 929 273 5

154 295 254 331 Mors
272 292 391 337 eulpae
408 289 560 337 triplex.
840 287 886 328 ΙΙ,
908 289 929 329 4

464 371 616 398 11015115.

154 426 297 470 Moyses
316 425 374 460 est
394 422 518 469 figura
537 418 691 458 Christi.
814 419 843 463 I,
869 431 929 455 121

155 474 296 517 Moyses
315 481 434 517 quare
460 469 500 505 in
525 466 665 504 Christi
683 465 934 548 transfiglziurag

859 540 867 557 ,
895 527 905 548 l

204 519 309 555 tione
325 517 554 564 apparuerit.

784 561 847 604 Ill,
867 563 932 595 255

158 566 254 610 Quid
279 567 327 602 sit
344 566 478 610 Moysis
500 562 694 600 cathedra.

478 645 625 670 MULIER-

159 702 294 739 Mulier
313 698 565 737 Samaritana.
597 698 643 741 ΙΙ,
677 699 740 740 124
762 699 795 731 et
829 705 933 740 seqq.

159 750 294 786 Mulier
310 749 519 794 Sareptana
556 744 647 791 quid
668 742 864 779 moraliter
888 742 934 778 si-

207 795 374 842 gnificet.
790 792 836 833 ΙΙ,
869 793 933 825 155

160 845 295 881 Mulier
328 842 406 886 illa,
427 851 509 887 quae
530 838 722 876 Christum
757 837 934 881 laudavit,

208 889 330 935 qualis
354 888 481 933 fuerit,
503 889 661 934 ejusque
693 885 785 921 fides
805 887 842 920 et
874 885 938 920 de-

208 939 326 973 votio.
802 933 847 967 11.
872 934 939 967 228

160 985 329 1022 Mulieris
359 984 585 1019 Chananaeae
605 980 715 1025 fides,
737 979 938 1023 confessio,

208 1031 503 1078 perseverantia,
539 1027 733 1065 humilitas
781 1025 941 1072 aliaeque

208 1079 378 1115 virtutes.
623 1074 673 1118 ΙΙ,
690 1078 759 1110 520
781 1077 814 1109 et
832 1084 937 1119 seqq.

164 1127 282 1172 HuJ'us
303 1126 468 1161 mulieris
486 1122 619 1169 triplex
643 1121 785 1167 petitio.
807 1121 856 1165 ΙΙ,
870 1125 937 1156 522

165 1173 361 1219 Significat
382 1170 537 1218 mystice
558 1169 776 1205 Ecclesiam.
800 1168 850 1213 H,
871 1171 940 1204 525

164 1220 357 1256 Moraliter
391 1218 581 1265 significat
614 1216 780 1252 animam
818 1226 940 1261 pecca

210 1267 358 1303 tricem.
802 1263 852 1306 ΙΙ,
874 1266 942 1298 520

163 1315 311 1359 Mulier,
323 1323 408 1359 quae
427 1311 631 1348 successive
649 1309 779 1346 habuit
801 1313 943 1355 septem

210 1362 324 1402 viros,
343 1359 432 1405 quid
451 1358 647 1395 moraliter
666 1361 702 1393 et
722 1357 878 1403 mystice
898 1356 945 1392 si—

213 1407 380 1454 gnificet.
785 1404 853 1447 ΙΙΙ,
879 1407 945 1440 228

165 1456 219 1492 De
240 1456 434 1491 mulierum
454 1453 653 1490 devotione
680 1451 779 1489 cirea
806 1451 945 1487 Christi

214 1502 462 1549 sepulturam.
789 1498 855 1544 IV,
882 1502 943 1534 152

166 1551 219 1586 De
236 1550 450 1585 mulieribus
473 1548 512 1585 in
530 1549 624 1585 festo
644 1548 799 1584 Paschae
821 1557 944 1582 emen-

214 1598 315 1633 tibus
334 1600 505 1633 aromata
526 1597 574 1632 ad
596 1595 817 1641 ungendum
835 1593 943 1629 Chri-

215 1647 327 1685 stum,
347 1647 384 1680 et
404 1644 493 1690 quid
511 1653 595 1680 cum
613 1644 690 1679 suis
712 1641 946 1679 aromatibus

216 1690 443 1737 significent.
657 1689 724 1735 IV,
743 1692 807 1725 166
829 1692 861 1724 et
883 1703 946 1735 179

169 1739 222 1775 De
253 1738 385 1774 iisdem
411 1738 626 1774 mulieribus
652 1737 701 1773 ad
727 1746 946 1772 monumen·
984 1742 985 1753 ¹

215 1788 294 1822 tum
315 1784 566 1822 venientibus.
605 1784 672 1829 IV,
698 1787 761 1820 182
783 1786 816 1818 et
838 1793 943 1828 seqq.

169 1832 364 1877 Quomodo
402 1832 495 1869 istas
535 1833 705 1868 mulieres
740 1831 946 1866 debeamus

216 1879 372 1923 imitari.
791 1877 857 1921 IV,
883 1879 945 1912 185

169 1928 320 1964 Mulieri
338 1937 403 1963 cur
422 1924 545 1973 primo
564 1925 665 1962 facta
685 1928 739 1961 est
760 1923 945 1971 apparitio

218 1974 372 2018 Christi,
386 1977 586 2021 postquam
608 1984 629 2010 a
648 1972 803 2009 mortuis
825 1982 946 2007 resur-

217 2020 326 2058 rexit.
787 2018 852 2063 IV,
884 2021 947 2062 184

171 2068 247 2105 Cur
267 2069 399 2104 mulier
425 2068 550 2114 prima
585 2066 836 2104 constituatur
857 2077 948 2102 nun-

218 2115 272 2151 tia
290 2115 435 2152 salutis.
794 2113 860 2158 IV,
884 2116 946 2162 187

171 2164 339 2200 Mulieris
364 2162 609 2209 parturientis
632 2161 851 2199 similitudo.
877 2160 947 2204 ΙΙΙ,

875 2211 950 2255 ’559

455 2293 661 2319 MUNDANUS.

172 2341 443 2378 Mundanorum
476 2343 713 2388 contemptus
748 2350 770 2375 a
803 2339 949 2375 Christo

221 2388 412 2425 suadetur.
812 2386 862 2431 ΙΙ,
885 2400 947 2431 127

173 2436 367 2480 Mundani,
394 2435 451 2470 vel
488 2434 557 2471 filii
596 2435 708 2481 hujus
745 2433 871 2470 saeculi
908 2444 949 2468 ex

222 2482 368 2519 duobus
380 2487 648 2529 agnoscuntur.
669 2481 740 2527 111,
758 2496 816 2518 101
833 2484 866 2517 et
885 2494 947 2518 102

1009 236 1278 273 Mundanorum
1303 237 1453 281 tempus
1474 244 1623 281 semper
1643 237 1698 272 est
1716 245 1782 282 pa-

1053 286 1194 320 ratum.
1642 281 1694 328 11,
1716 285 1783 330 275

1315 375 1470 402 MUNDUS.

1006 424 1139 461 Mundi
1158 424 1291 460 aetates
1307 433 1383 459 sex,
1694 423 1726 468 I,
1742 426 1786 461 85

1007 472 1167 509 Mundus
1198 473 1289 516 quot
1316 470 1425 506 annis
1451 474 1536 506 ante
1563 470 1700 507 Christi
1719 471 1785 508 ad-

1056 521 1208 554 veutum
1231 517 1391 554 steterit.
1686 517 1718 564 I,
1747 533 1786 566 17

1008 568 1060 602 De
1106 566 1235 601 munda·
1272 565 1515 601 renovatione
1550 564 1676 601 futura
1706 568 1790 611 post

1057 613 1154 648 ‹liem
1172 612 1315 658 judicii.
1491 610 1557 658 IV,
1576 615 1643 648 502
1666 615 1699 648 et
1719 615 1788 649 505

1008 661 1167 696 Mundus
1183 659 1315 694 eodem
1330 657 1461 694 ordine
1481 669 1554 705 quo
1570 658 1683 706 periit
1702 660 1788 695 red-

1057 709 1202 753 emptus
1223 708 1291 741 est.
1697 705 1730 752 Ι,
1745 709 1786 743 51

1012 756 1104 797 (juill
1124 754 1281 789 mundus
1301 753 1340 789 in
1362 764 1476 789 sensu
1496 754 1643 790 morali.
1666 753 1697 798 Ι,
1724 757 1791 790 156

1010 802 1171 837 Mundus
1198 803 1255 837 est
1274 811 1391 836 mare.
1524 800 1574 845 Il,
1605 804 1644 837 15
1667 805 1701 837 et
1725 804 1791 837 188

1011 850 1041 884 A
1062 849 1195 884 mundo
1218 847 1302 884 odio
1332 846 1463 884 haberi
1490 851 1544 882 est
1564 848 1709 884 bonum
1734 849 1793 885 si-

1061 906 1192 939 gnum.
1237 898 1241 902 “
1491 893 1562 939 ΙΙΙ,
1581 897 1650 930 558
1670 900 1704 932 et
1722 899 1792 944 559

1013 943 1173 979 Mundus
1219 942 1407 989 quomodo
1452 940 1644 1025 continuoI
1671 945 1793 980 trans-

1062 993 1136 1026 eat.
1648 989 1697 1035 ΙΙ,
1724 1004 1742 1026 2
1771 993 1792 1026 8

1016 1038 1136 1073 Habet
1171 1037 1329 1073 mundus
1370 1035 1557 1083 triplicem
1592 1006 1794 1074 transitu⁷m

1063 1084 1330 1120 miserabilem.
1632 1084 1701 1130 ΙΙΙ,
1726 1087 1793 1132 278

1017 1133 1085 1174 Qui
1107 1136 1231 1168 autem
1264 1132 1439 1167 mundum
1469 1131 1617 1177 fugiunt
1650 1132 1795 1168 habent

1065 1179 1180 1215 alium
1215 1179 1401 1226 triplicem
1432 1178 1634 1215 transitum
1668 1179 1794 1216 lauda-

1066 1225 1194 1262 bilem.
1635 1226 1704 1270 111,
1728 1240 1795 1274 279

1016 1274 1149 1309 Mundi
1187 1273 1309 1310 aderit
1359 1284 1489 1320 casus,
1532 1273 1795 1310 deficientibus

1067 1320 1210 1358 electis.
1628 1321 1699 1366 III,
1728 1323 1792 1365 284

1020 1369 1071 1403 De
1104 1369 1285 1414 ejectione
1320 1368 1497 1416 principis
1520 1369 1810 1454 hujuslvffiunoli.⁴

1702 1429 1795 1463 ‚207

1345 1510 1478 1535 MUNUS.

1019 1558 1172 1592 Munera
1193 1555 1390 1602 tripliciter
1409 1560 1620 1604 captantur.
1654 1555 1705 1602 II,
1728 1560 1794 1593 501

1020 1604 1135 1640 Valde
1164 1605 1415 1648 periculosum
1449 1607 1503 1640 est
1528 1614 1679 1640 munera
1700 1604 1797 1640 acci-

1068 1661 1171 1697 pere.
1637 1650 1707 1696 ΙΙΙ,
1732 1654 1797 1698 189

1020 1700 1173 1734 Munera
1194 1697 1269 1749 Deo
1290 1697 1417 1734 oblata
1430 1696 1524 1734 nihil
1539 1703 1702 1745 prosunt
1721 1698 1796 1735 nisi

1066 1744 1186 1791 prius,
1209 1754 1265 1779 ira
1302 1745 1484 1792 deposita,
1513 1746 1695 1782 fratribus
1729 1757 1797 1782 re—

1068 1790 1324 1827 conciliemur.
1674 1793 1707 1838 Ι,
1730 1806 1798 1841 279

1021 1841 1073 1874 De
1091 1839 1304 1874 muneribus
1323 1838 1415 1875 Cain
1431 1841 1470 1876 et
1485 1839 1591 1877 Abel.
1682 1840 1713 1882 I,
1729 1853 1798 1888 279

1019 1888 1173 1923 Munera
1192 1887 1399 1932 Magorum.
1701 1887 1733 1933 I,
1752 1891 1799 1935 95

1326 1968 1488 1996 MURMUR.

1021 2018 1190 2053 Murmur
1208 2015 1356 2062 duplex.

1667 2016 1737 2063 ῙΙῙ,
1754 2021 1798 2065 95

1021 2066 1189 2101 Murmur
1209 2063 1482 2101 claustralium.

1661 2064 1732 2111 ΙΙΙ,
1755 2068 1799 2113 96

1326 2148 1486 2173 ΜΠΤΠΠΜ.

1023 2196 1191 2231 Mutuum
1212 2204 1290 2230 non
1310 2197 1365 2231 est
1384 2195 1612 2242 negandum.
1677 2195 1709 2243 I,
1732 2199 1800 2245 289

1328 2289 1488 2316 MYRRHA.

1024 2337 1118 2374 Vino
1139 2347 1224 2373 cum
1250 2339 1400 2382 myrrha
1426 2342 1462 2375 et
1486 2338 1573 2376 selle
1598 2338 1712 2376 mixto
1730 2351 1799 2388 po-

1071 2390 1171 2421 tatur
1183 2385 1366 2422 Christus.
1651 2387 1718 2434 IV,
1735 2391 1798 2436 195

1023 2434 1183 2478 Myrrhae
1223 2437 1458 2478 unguentum
1491 2434 1581 2482 quid
1613 2435 1653 2471 in
1687 2446 1799 2472 sensu

1070 2480 1228 2526 mystico
1248 2480 1447 2525 significet.
1645 2480 1711 2529 IV,
1733 2485 1798 2530 178
