1924 3157
212 198 269 231 364
703 201 839 235 lNDEx
879 204 1128 238 GENEHALlS
1171 204 1332 238 RERUM.

211 274 461 308 Detmctorzzm
496 280 608 317 quam
625 272 672 308 sit
694 283 805 319 grave
826 275 979 321 pericu-

259 318 348 355 lum.
840 321 888 360 ΙΙ,
913 325 979 358 218

210 367 437 402 Deir-actores
478 366 665 412 quomodo
711 372 797 403 sunt
839 368 980 405 similes

261 412 401 457 porcis.
855 415 905 460 ΙΙ,
940 431 979 462 19

210 460 437 496 neti-actores
455 471 530 497 non
549 464 634 497 sunt
645 460 889 546 audiendiff,
914 467 980 509 274

788 514 820 546 ei
879 537 887 555 ‚
913 523 980 545 220

546 591 650 617 DEUS.

212 650 255 687 In
289 652 355 687 Dei
386 650 601 697 cognitione
632 661 780 698 semper
813 661 981 690 crescere

260 698 455 734 debemus.
860 697 891 738 Ι.
915 703 979 736 255

211 747 323 781 Deum
349 755 431 781 esse
458 755 589 782 omnes
611 751 793 783 creaturae
812 745 982 783 indicant

259 796 295 828 et
317 792 492 828 clamant.
885 794 916 839 Ι,
942 797 980 830 15

211 841 304 875 Deus
339 839 440 875 solus
470 840 583 876 habet
610 839 761 885 proprie
798 853 876 878 esse
898 852 981 887 per-

259 886 411 922 fectum.
844 889 893 930 ΙΙ,
916 902 981 935 292

211 935 305 969 Deus
322 933 509 979 quomodo
543 932 591 968 sit
624 935 723 970 solus
749 936 982 1019 naturaIbo-

263 991 346 1016 nus.
516 1006 520 1009 Δ
852 983 885 1019 ΙΙ
912 1010 921 1027 ,
939 986 983 1029 74

211 1029 304 1063 Deus
334 1026 609 1073 providentiam
640 1028 756 1065 habet
791 1031 902 1066 etiam
937 1030 982 1064 de

259 1075 372 1111 rebus
392 1073 667 1111 minutissimis.
870 1076 919 1114 ΙΙ.
939 1079 982 1111 58

211 1123 364 1158 Mutatio
393 1132 468 1157 non
490 1121 589 1157 cadit
609 1123 647 1158 in
666 1124 793 1160 Deum.
814 1123 883 1168 ΙΙΙ,
914 1127 981 1159 515

211 1171 305 1204 Deus
329 1167 550 1214 sibimetipsi
586 1169 658 1205 tria
688 1170 902 1216 specialiter
922 1182 982 1207 re·

260 1215 435 1252 servavit.
857 1218 889 1259 Ι,
915 1221 982 1264 547

213 1265 280 1299 Dei
295 1262 439 1308 J'udicia
456 1267 541 1299 sunt
562 1263 722 1299 occulta.
867 1265 919 1309 ΙΙ,
940 1279 984 1311 90

213 1311 294 1346 Non
321 1310 502 1355 debemus
526 1312 592 1346 Dei
617 1310 762 1356 judicia
782 1314 819 1348 et
839 1315 984 1348 secreta

261 1356 434 1394 scrutari.
866 1359 915 1403 ΙΙ,
941 1362 984 1405 96

211 1405 307 1439 Deus
328 1404 466 1449 ubique
484 1403 564 1439 vult
585 1404 751 1442 adorari.
844 1404 892 1445 ΙΙ,
921 1409 983 1442 125

212 1452 283 1486 Deo
317 1453 358 1487 ut
395 1450 644 1487 fundamento
689 1452 820 1489 salutis
860 1454 986 1489 adhae-

260 1498 435 1534 rendum.
911 1499 943 1544 Ι,
970 1515 981 1536 1

213 1546 282 1580 Deo
318 1555 394 1581 non
429 1545 475 1580 ob
513 1546 754 1591 temporalia,
798 1547 864 1583 sed
903 1557 985 1592 pro-

260 1596 343 1637 pter
375 1602 415 1628 se
457 1592 612 1638 ejusque
640 1593 888 1639 perfectiones
920 1595 985 1630 de-

261 1639 394 1674 bemus
415 1638 625 1676 adhaerere.
843 1640 892 1686 II,
918 1655 984 1688 190

212 1687 307 1721 Deus
325 1685 546 1731 parentibus
565 1689 601 1722 et
622 1687 753 1723 amicis
777 1691 830 1724 est
848 1689 986 1735 praefe-

261 1735 414 1770 rendus.
865 1735 895 1781 Ι,
918 1750 980 1783 192

213 1781 307 1814 Deus
342 1789 490 1824 semper
529 1783 566 1816 et
600 1781 884 1826 ubiquenobis
930 1785 985 1818 est

261 1826 482 1862 laudandus.
652 1828 716 1870 IV,
743 1843 808 1876 279
823 1833 857 1865 et
877 1839 982 1875 seqq.

213 1875 309 1908 Deus
336 1873 447 1909 debet
480 1884 562 1910 esse
597 1875 827 1922 principium
863 1876 985 1921 omnis

262 1923 401 1955 nostrae
422 1920 658 1957 intentionis.
888 1922 918 1965 Ι,
945 1925 984 1959 15

214 1966 269 2002 Ad
304 1967 489 2002 honorem
516 1970 553 2003 et
584 1968 731 2005 laudem
764 1970 831 2004 Dei
857 1969 986 2005 omnia

262 2013 475 2048 referenda.
830 2015 896 2059 IV,
921 2029 984 2062 127

214 2060 268 2095 De
288 2062 357 2095 Deo
381 2060 625 2106 loquendum.
818 2061 884 2103 IV,
915 2066 982 2100 208

212 2109 283 2142 Deo
310 2105 436 2142 omnia
462 2110 590 2143 nostra
613 2108 806 2145 debemus.
827 2108 896 2154 ΙΙΙ,
918 2123 983 2156 227

213 2155 291 2189 Deo·
313 2153 446 2189 saltem
473 2157 515 2189 ut
538 2154 695 2199 medico,
724 2156 875 2201 quando
905 2156 986 2202 quis

261 2203 428 2245 sanatur,
451 2200 679 2237 credendum
705 2207 773 2240 est.
825 2202 894 2244 ΙΙΙ,
919 2206 985 2240 280

214 2249 306 2329 Degis
331 2250 484 2293 propter
511 2258 550 2283 se
579 2252 615 2284 et
635 2250 753 2294 gratis
779 2254 836 2286 est
856 2261 984 2333 ffman-

291 2305 345 2330 us.
878 2327 887 2341 ,
918 2300 984 2344 293

212 2342 326 2377 Amor
338 2343 402 2377 Dei
422 2353 499 2378 non
517 2347 574 2379 est
592 2343 750 2378 otiosus.
822 2343 894 2386 ΙΙΙ,
916 2347 983 2391 557

214 2387 266 2423 De
282 2390 352 2423 Deo
371 2389 561 2435 praecipue
580 2392 636 2425 est
653 2389 828 2426 habenda
845 2390 979 2438 triplex

262 2435 459 2471 memoria.
886 2437 917 2482 I,
941 2441 984 2473 28

212 2482 278 2515 Dei
298 2483 503 2527 praesentia
530 2482 672 2529 ubique
697 2494 766 2519 nos
803 2484 849 2520 ad
882 2495 984 2520 vere.-

261 2528 435 2564 cundiam
457 2530 570 2565 dehet
586 2531 756 2566 incitare.
779 2530 810 2574 Ι,
831 2534 875 2566 50
894 2541 927 2567 et
941 2535 981 2568 51

212 2575 306 2610 Deus
323 2575 361 2610 in
382 2576 574 2612 beneficiis
596 2576 670 2613 suis
692 2577 891 2624 tripliciter
911 2588 986 2614 ma-

260 2621 474 2667 gnificatur.
880 2624 910 2670 Ι,
942 2629 984 2661 52

212 2669 283 2703 Deo
308 2678 457 2714 semper
478 2670 649 2716 meliora,
674 2673 712 2707 et
732 2672 875 2718 optima
901 2676 987 2708 sunt

260 2715 468 2753 offerenda.
865 2718 896 2762 l,
922 2721 986 2755 108

212 2763 306 2797 Deus
327 2763 515 2808 quomodo
533 2761 680 2800 dicatur
695 2765 742 2801 ad
760 2775 829 2801 nos
842 2765 984 2802 venire.

726 2811 755 2858 I,
784 2815 847 2848 156
866 2816 898 2848 et
923 2816 984 2858 157
1019 2847 1022 2851 ,

1052 278 1121 359 Dei³
1137 274 1272 321 injuria
1288 288 1493 325 numquam
1510 279 1615 316 nobis
1635 285 1691 317 est
1707 281 1827 365 {eren-

1128 333 1162 359 a.
1730 357 1738 372 ‚
1762 341 1827 365 202

1054 373 1166 406 Deum
1189 371 1313 408 videre
1334 376 1390 408 est
1410 371 1496 407 finis
1513 378 1654 409 noster.
1709 374 1738 417 Ι,
1763 378 1829 411 268

1055 420 1148 453 Deus
1168 418 1367 465 tripliciter
1387 418 1458 455 dici
1482 419 1594 456 debet
1614 423 1744 505 noster
1764 422 1831 458 Pa-

1104 468 1173 501 ter.
1731 495 1739 512 ‚
1761 471 1825 505 301

1055 513 1121 547 Dei
1150 512 1317 558 dignatio
1351 513 1450 558 quod
1483 524 1571 550 eum
1592 515 1740 551 Patrem
1762 526 1829 551 no-

1104 562 1222 596 strum
1248 570 1438 604 vocemus,
1469 563 1507 597 et
1532 560 1623 607 quid
1652 572 1720 608 per
1738 562 1833 598 illud

1103 605 1321 643 doceamur.
1706 608 1736 653 Ι,
1763 611 1827 646 501

1055 654 1121 688 Dei
1152 658 1188 690 et
1216 656 1304 691 Jesu
1333 654 1469 691 Christi
1501 655 1597 691 seire
1623 657 1660 692 et
1685 655 1832 692 nescire

1104 701 1193 746 quid
1215 702 1274 737 sit.
1484 700 1515 745 Ι,
1536 706 1603 749 557
1625 707 1659 739 ei
1675 702 1745 749 ΙΙΙ,
1767 706 1831 739 150

1056 748 1168 784 Deum
1183 748 1379 794 tripli‹·iter
1400 748 1641 786 offendimus.
1693 749 1743 794 ΙΙ,
1765 752 1831 786 286

1056 795 1150 831 Deus
1171 795 1370 841 dupliciter
1392 795 1610 833 hominibus
1633 796 1668 832 lo
1700 796 1799 833 uitur
1822 808 1829 832 :

1106 852 1172 886 per
1188 854 1228 878 se
1249 845 1286 878 et
1306 853 1372 887 per
1391 842 1501 879 alios.
1709 843 1739 888 Ι,
1762 846 1829 879 555

1056 889 1168 925 Deum
1192 889 1265 925 tria
1285 890 1331 925 ad
1351 889 1465 925 nostri
1486 889 1767 926 miserationem
1780 890 1834 926 in-

1108 937 1264 973 ducunt.
1696 936 1766 981 III,
1788 940 1833 981 45

1057 983 1123 1019 Dei
1151 983 1422 1019 misericordias
1447 994 1537 1029 erga
1556 984 1727 1020 homines
1747 994 1834 1021 ma—

1106 1030 1276 1077 gnitudo.
1584 1029 1654 1075 ΙΙΙ,
1673 1034 1718 1067 66
1737 1035 1769 1067 et
1788 1034 1831 1078 67

1060 1080 1214 1125 Signum
1231 1087 1274 1113 ex
1293 1088 1367 1123 quo
1383 1076 1623 1124 cognoscitur
1635 1087 1684 1114 an
1701 1077 1836 1124 aliquis

1106 1136 1148 1162 ex
1173 1127 1240 1160 Deo
1261 1129 1328 1166 est,
1353 1125 1410 1161 vel
1436 1135 1524 1162 non.
1694 1124 1744 1170 ΙΙ,
1768 1127 1835 1162 288

1059 1176 1152 1210 Deus
1175 1172 1365 1217 quomodo
1386 1171 1536 1209 dicatur
1558 1171 1668 1218 scire,
1691 1175 1728 1209 et
1750 1181 1837 1218 quo-

1106 1219 1395 1256 modotentare.
1669 1218 1738 1261 111,
1769 1221 1831 1255 281

1059 1270 1152 1304 Deus
1177 1266 1368 1303 nemiuem
1385 1266 1497 1313 cogit.
1717 1265 1769 1311 ΙΙ,
1793 1269 1836 1314 96

1360 1347 1528 1373 DEVOTIO.

1060 1423 1267 1459 Deuotionis
1284 1419 1487 1457 excitandae
1506 1419 1654 1457 modus.
1725 1419 1793 1466 IV,
1814 1424 1834 1464 4

1357 1502 1533 1528 omnim.

1060 1577 1198 1614 Sedere
1219 1586 1241 1612 a
1259 1575 1402 1611 deoetris
1426 1572 1515 1620 quid
1536 1572 1597 1610 sit.
1673 1572 1740 1619 IV,
1768 1577 1834 1610 256

1348 1654 1520 1681 nunonis
1527 1672 1535 1681 .

1052 1734 1231 1772 ’Christus
1254 1734 1389 1780 probat
1413 1743 1453 1769 se
1479 1743 1557 1769 non
1583 1742 1668 1769 esse
1694 1732 1838 1769 diaboli

1109 1781 1339 1818 ministrum.
1696 1779 1747 1825 II·‚
1770 1793 1835 1817 212

1060 1829 1182 1874 Quare
1216 1828 1385 1863 diabolus
1414 1831 1567 1863 vocetur
1589 1826 1744 1873 spiritus
1768 1826 1838 1862 im-

1110 1874 1283 1911 mundus
1712 1873 1743 1918 Ι,
1770 1877 1838 1910 555

1059 1923 1233 1958 Diabolus
1245 1924 1301 1957 est
1314 1925 1421 1967 pater
1432 1919 1632 1957 mendacii.
1697 1920 1748 1964 ΙΙ,
1773 1923 1840 1957 288

1060 1969 1206 2005 Diaboli
1229 1968 1321 2004 certi
1354 1970 1522 2014 praesunt
1543 1967 1656 2004 certis
1680 1967 1783 2003 vitiis
1804 1970 1841 2003 et.

1107 2014 1283 2062 peccatis.
1694 2013 1746 2058 ΙΙ,
1773 2028 1839 2051 210

1059 2063 1206 2099 Diaboli
1230 2071 1392 2107 regnum
1425 2062 1462 2097 in
1485 2061 1595 2098 malis
1619 2060 1840 2098 hominibus

1108 2107 1295 2145 consistit.
1699 2107 1750 2154 ΙΙ,
1773 2122 1838 2145 212

1059 2158 1206 2201 Quanta
1231 2156 1278 2192 sit
1304 2156 1446 2192 diaboii
1478 2154 1673 2200 fortitudo,
1699 2160 1736 2192 et
1756 2165 1839 2202 quae

1108 2204 1188 2249 ejus
1208 2212 1327 2238 arma.
1707 2201 1758 2247 II,
1773 2205 1839 2238 215

1060 2251 1208 2287 Diaboli
1225 2248 1412 2293 superbia.
1718 2248 1749 2293 Ι,
1774 2262 1835 2285 201

1059 2298 1207 2333 Diaboli
1228 2296 1386 2332 semina.
1696 2295 1748 2340 ΙΙ,
1776 2299 1838 2339 142

1059 2345 1233 2380 Diabolus
1269 2343 1367 2389 apud
1399 2343 1564 2380 Gentiles
1593 2352 1708 2390 quare
1730 2342 1839 2379 habi-

1107 2390 1265 2427 tabatin
1288 2390 1559 2426 monumentis.
1718 2389 1770 2434 ΙΙ,
1799 2404 1838 2442 ¹7.

1060 2440 1133 2475 Cur
1157 2448 1241 2473 eum
1263 2436 1432 2474 Christus
1455 2436 1671 2484 permiserit
1689 2436 1729 2473 in
1760 2436 1840 2472 redi

1106 2485 1144 2520 in
1166 2495 1312 2531 porcos.
1724 2483 1740 2520 l
1765 2511 1774 2528 ,
1800 2486 1840 2519 18

1059 2533 1234 2567 Diabolus
1255 2531 1442 2577 quomodo
1462 2531 1649 2568 Christum
1670 2530 1719 2566 sit
1749 2540 1838 2566 con-

1107 2579 1241 2614 sessus.
1724 2576 1754 2618 Ι,
1771 2579 1838 2612 555

1060 2626 1218 2668 Qualem
1239 2626 1413 2662 habuerit
1431 2626 1601 2661 diabolus
1621 2624 1668 2660 de
1690 2623 1839 2661 Christo

1107 2671 1316 2708 seientiam.
1361 2672 1391 2717 Ι,
1413 2676 1480 2708 555
1498 2686 1504 2712 ;
1524 2671 1574 2716 ΙΙ,
1596 2687 1635 2718 17
1658 2674 1691 2707 et
1707 2670 1772 2711 IV,
1795 2672 1839 2705 65

1060 2719 1133 2755 Cur
1149 2729 1170 2754 a
1195 2719 1343 2755 Christo
1362 2720 1490 2766 jussus
1509 2722 1647 2755 tacere.
1717 2716 1749 2761 Ι,
1766 2719 1839 2769 555

1059 2766 1234 2801 Diabolus
1255 2766 1355 2802 circa
1387 2765 1523 2802 Christi
1543 2769 1702 2801 mortem
1725 2766 1839 2799 etlam

1109 2823 1221 2858 supra
1240 2824 1390 2850 crucem
1411 2815 1525 2850 stetit.
1545 2811 1612 2851 IV,
1638 2825 1699 2857 107
1720 2813 1752 2845 et
1775 2822 1839 2855 129
