<?xml version="1.0" encoding="UTF-8"?>
<!DOCTYPE html PUBLIC "-//W3C//DTD XHTML 1.0 Transitional//EN"
    "http://www.w3.org/TR/xhtml1/DTD/xhtml1-transitional.dtd">
<html xmlns="http://www.w3.org/1999/xhtml" xml:lang="en" lang="en">
 <head>
  <title>
</title>
<meta http-equiv="Content-Type" content="text/html;charset=utf-8" />
  <meta name='ocr-system' content='tesseract 3.04.00' />
  <meta name='ocr-capabilities' content='ocr_page ocr_carea ocr_par ocr_line ocrx_word'/>
</head>
<body>
  <div class='ocr_page' id='page_1' title='image "./vitajesuchristie04ludouoft/vitajesuchristie04ludouoft_0111.png"; bbox 0 0 1924 3157; ppageno 0'>
   <div class='ocr_carea' id='block_1_1' title="bbox 0 1427 38 1490">
    <p class='ocr_par' dir='ltr' id='par_1_1' title="bbox 0 1427 38 1490">
     <span class='ocr_line' id='line_1_1' title="bbox 0 1427 38 1490; baseline 0 0"><span class='ocrx_word' id='word_1_1' title='bbox 0 1427 38 1490; x_wconf 57' lang='lat' dir='ltr'>,Q</span> 
     </span>
    </p>
   </div>
   <div class='ocr_carea' id='block_1_2' title="bbox 58 1426 121 1464">
    <p class='ocr_par' dir='ltr' id='par_1_2' title="bbox 58 1426 121 1464">
     <span class='ocr_line' id='line_1_2' title="bbox 58 1426 121 1464; baseline 0 0"><span class='ocrx_word' id='word_1_2' title='bbox 58 1426 121 1464; x_wconf 55' lang='lat' dir='ltr'>m</span> 
     </span>
    </p>
   </div>
   <div class='ocr_carea' id='block_1_3' title="bbox 566 122 1803 176">
    <p class='ocr_par' dir='ltr' id='par_1_3' title="bbox 566 122 1803 176">
     <span class='ocr_line' id='line_1_3' title="bbox 566 122 1803 176; baseline -0.003 -16"><span class='ocrx_word' id='word_1_3' title='bbox 566 125 619 161; x_wconf 82' lang='lat' dir='ltr'>DE</span> <span class='ocrx_word' id='word_1_4' title='bbox 660 127 824 168; x_wconf 74' lang='lat' dir='ltr'>SEXTA,</span> <span class='ocrx_word' id='word_1_5' title='bbox 865 127 906 161; x_wconf 62' lang='lat' dir='ltr'>lx</span> <span class='ocrx_word' id='word_1_6' title='bbox 946 126 1163 176; x_wconf 59' lang='lat' dir='ltr'>Passtoxl:</span> <span class='ocrx_word' id='word_1_7' title='bbox 1201 124 1375 159; x_wconf 70' lang='lat' dir='ltr'>DOMINI.</span> <span class='ocrx_word' id='word_1_8' title='bbox 1750 122 1803 156; x_wconf 69' lang='lat'>103</span> 
     </span>
    </p>
   </div>
   <div class='ocr_carea' id='block_1_4' title="bbox 162 197 941 481">
    <p class='ocr_par' dir='ltr' id='par_1_4' title="bbox 162 197 941 481">
     <span class='ocr_line' id='line_1_4' title="bbox 165 197 941 244; baseline -0.001 -10"><span class='ocrx_word' id='word_1_9' title='bbox 165 205 313 234; x_wconf 87' lang='lat' dir='ltr'>sursum</span> <span class='ocrx_word' id='word_1_10' title='bbox 344 206 552 243; x_wconf 82' lang='lat' dir='ltr'>versusque</span> <span class='ocrx_word' id='word_1_11' title='bbox 573 198 619 234; x_wconf 84' lang='lat' dir='ltr'>ad</span> <span class='ocrx_word' id='word_1_12' title='bbox 653 201 766 244; x_wconf 85' lang='lat' dir='ltr'>caput</span> <span class='ocrx_word' id='word_1_13' title='bbox 785 197 941 242; x_wconf 84' lang='lat' dir='ltr'>eminet,</span> 
     </span>
     <span class='ocr_line' id='line_1_5' title="bbox 164 247 939 299; baseline 0 -19"><span class='ocrx_word' id='word_1_14' title='bbox 164 248 319 292; x_wconf 90' lang='lat' dir='ltr'>propter</span> <span class='ocrx_word' id='word_1_15' title='bbox 336 247 655 291; x_wconf 74' lang='lat' dir='ltr'>exspectationem</span> <span class='ocrx_word' id='word_1_16' title='bbox 674 255 939 299; x_wconf 74' lang='lat' dir='ltr'>supernorum,</span> 
     </span>
     <span class='ocr_line' id='line_1_6' title="bbox 163 291 941 339; baseline 0 -12"><span class='ocrx_word' id='word_1_17' title='bbox 163 302 212 328; x_wconf 87' lang='lat' dir='ltr'>ne</span> <span class='ocrx_word' id='word_1_18' title='bbox 248 291 311 328; x_wconf 87' lang='lat' dir='ltr'>illa</span> <span class='ocrx_word' id='word_1_19' title='bbox 333 303 446 339; x_wconf 73' lang='lat' dir='ltr'>opera</span> <span class='ocrx_word' id='word_1_20' title='bbox 467 293 565 329; x_wconf 82' lang='lat' dir='ltr'>bona</span> <span class='ocrx_word' id='word_1_21' title='bbox 586 297 698 339; x_wconf 78' lang='lat' dir='ltr'>atque</span> <span class='ocrx_word' id='word_1_22' title='bbox 721 303 757 328; x_wconf 84' lang='lat' dir='ltr'>in</span> <span class='ocrx_word' id='word_1_23' title='bbox 788 292 842 328; x_wconf 88' lang='lat' dir='ltr'>eis</span> <span class='ocrx_word' id='word_1_24' title='bbox 860 303 941 338; x_wconf 91' lang='lat' dir='ltr'>per-</span> 
     </span>
     <span class='ocr_line' id='line_1_7' title="bbox 163 339 940 387; baseline 0 -12"><span class='ocrx_word' id='word_1_25' title='bbox 163 339 393 384; x_wconf 77' lang='lat' dir='ltr'>severantia,</span> <span class='ocrx_word' id='word_1_26' title='bbox 433 346 588 387; x_wconf 87' lang='lat' dir='ltr'>propter</span> <span class='ocrx_word' id='word_1_27' title='bbox 622 339 845 386; x_wconf 81' lang='lat' dir='ltr'>temporalia</span> <span class='ocrx_word' id='word_1_28' title='bbox 877 340 940 375; x_wconf 82' lang='lat' dir='ltr'>Dei</span> 
     </span>
     <span class='ocr_line' id='line_1_8' title="bbox 166 385 941 433; baseline -0.001 -10"><span class='ocrx_word' id='word_1_29' title='bbox 166 385 368 431; x_wconf 82' lang='lat' dir='ltr'>beneficia,</span> <span class='ocrx_word' id='word_1_30' title='bbox 389 387 590 423; x_wconf 77' lang='lat' dir='ltr'>credantur</span> <span class='ocrx_word' id='word_1_31' title='bbox 602 387 863 432; x_wconf 86' lang='lat' dir='ltr'>facienda‚sed</span> <span class='ocrx_word' id='word_1_32' title='bbox 878 397 941 433; x_wconf 92' lang='lat' dir='ltr'>po-</span> 
     </span>
     <span class='ocr_line' id='line_1_9' title="bbox 162 434 940 481; baseline -0.001 -11"><span class='ocrx_word' id='word_1_33' title='bbox 162 434 237 470; x_wconf 86' lang='lat' dir='ltr'>tius</span> <span class='ocrx_word' id='word_1_34' title='bbox 256 438 411 481; x_wconf 73' lang='lat' dir='ltr'>propter</span> <span class='ocrx_word' id='word_1_35' title='bbox 431 434 660 481; x_wconf 86' lang='lat' dir='ltr'>sempiterna</span> <span class='ocrx_word' id='word_1_36' title='bbox 680 434 880 480; x_wconf 87' lang='lat' dir='ltr'>speranda.</span> <span class='ocrx_word' id='word_1_37' title='bbox 900 435 940 470; x_wconf 90' lang='lat' dir='ltr'>In</span> 
     </span>
    </p>
   </div>
   <div class='ocr_carea' id='block_1_5' title="bbox 132 480 939 529">
    <p class='ocr_par' dir='ltr' id='par_1_5' title="bbox 132 480 939 529">
     <span class='ocr_line' id='line_1_10' title="bbox 132 480 939 529; baseline 0 -12"><span class='ocrx_word' id='word_1_38' title='bbox 132 481 348 529; x_wconf 85' lang='lat' dir='ltr'>-profundo</span> <span class='ocrx_word' id='word_1_39' title='bbox 383 481 643 518; x_wconf 85' lang='lat' dir='ltr'>inscrutabilia</span> <span class='ocrx_word' id='word_1_40' title='bbox 674 481 817 528; x_wconf 82' lang='lat' dir='ltr'>judicia</span> <span class='ocrx_word' id='word_1_41' title='bbox 859 480 939 526; x_wconf 90' lang='lat' dir='ltr'>Dei,</span> 
     </span>
    </p>
   </div>
   <div class='ocr_carea' id='block_1_6' title="bbox 148 527 941 2804">
    <p class='ocr_par' dir='ltr' id='par_1_6' title="bbox 151 527 941 2045">
     <span class='ocr_line' id='line_1_11' title="bbox 164 527 940 575; baseline 0 -11"><span class='ocrx_word' id='word_1_42' title='bbox 164 529 262 565; x_wconf 92' lang='lat' dir='ltr'>unde</span> <span class='ocrx_word' id='word_1_43' title='bbox 289 528 362 565; x_wconf 86' lang='lat' dir='ltr'>ista</span> <span class='ocrx_word' id='word_1_44' title='bbox 393 530 514 575; x_wconf 75' lang='lat' dir='ltr'>gratia</span> <span class='ocrx_word' id='word_1_45' title='bbox 535 528 597 565; x_wconf 88' lang='lat' dir='ltr'>Dei</span> <span class='ocrx_word' id='word_1_46' title='bbox 621 530 656 564; x_wconf 89' lang='lat' dir='ltr'>in</span> <span class='ocrx_word' id='word_1_47' title='bbox 682 527 855 564; x_wconf 80' lang='lat' dir='ltr'>homines</span> <span class='ocrx_word' id='word_1_48' title='bbox 876 539 940 564; x_wconf 83' lang='lat' dir='ltr'>ve·</span> 
     </span>
     <span class='ocr_line' id='line_1_12' title="bbox 161 574 938 622; baseline -0.004 -10"><span class='ocrx_word' id='word_1_49' title='bbox 161 575 246 612; x_wconf 90' lang='lat' dir='ltr'>nit:</span> <span class='ocrx_word' id='word_1_50' title='bbox 276 579 313 612; x_wconf 89' lang='lat' dir='ltr'>et</span> <span class='ocrx_word' id='word_1_51' title='bbox 348 577 419 612; x_wconf 90' lang='lat' dir='ltr'>hoc</span> <span class='ocrx_word' id='word_1_52' title='bbox 448 580 503 612; x_wconf 89' lang='lat' dir='ltr'>est</span> <span class='ocrx_word' id='word_1_53' title='bbox 535 575 571 611; x_wconf 93' lang='lat' dir='ltr'>in</span> <span class='ocrx_word' id='word_1_54' title='bbox 605 575 668 612; x_wconf 85' lang='lat' dir='ltr'>illa</span> <span class='ocrx_word' id='word_1_55' title='bbox 694 580 800 622; x_wconf 81' lang='lat' dir='ltr'>parte</span> <span class='ocrx_word' id='word_1_56' title='bbox 833 574 938 621; x_wconf 84' lang='lat' dir='ltr'>ligni,</span> 
     </span>
     <span class='ocr_line' id='line_1_13' title="bbox 164 622 940 669; baseline -0.001 -10"><span class='ocrx_word' id='word_1_57' title='bbox 164 633 247 669; x_wconf 84' lang='lat' dir='ltr'>quae</span> <span class='ocrx_word' id='word_1_58' title='bbox 283 627 393 659; x_wconf 61' lang='lat' dir='ltr'>terrae</span> <span class='ocrx_word' id='word_1_59' title='bbox 429 622 556 659; x_wconf 76' lang='lat' dir='ltr'>abdito</span> <span class='ocrx_word' id='word_1_60' title='bbox 587 623 710 658; x_wconf 85' lang='lat' dir='ltr'>defixa</span> <span class='ocrx_word' id='word_1_61' title='bbox 742 623 852 665; x_wconf 88' lang='lat' dir='ltr'>latet;</span> <span class='ocrx_word' id='word_1_62' title='bbox 875 622 940 658; x_wconf 85' lang='lat' dir='ltr'>scd</span> 
     </span>
     <span class='ocr_line' id='line_1_14' title="bbox 163 670 938 715; baseline -0.001 -9"><span class='ocrx_word' id='word_1_63' title='bbox 163 670 251 706; x_wconf 88' lang='lat' dir='ltr'>inde</span> <span class='ocrx_word' id='word_1_64' title='bbox 287 674 481 715; x_wconf 74' lang='lat' dir='ltr'>consurgit</span> <span class='ocrx_word' id='word_1_65' title='bbox 521 670 612 705; x_wconf 88' lang='lat' dir='ltr'>illud</span> <span class='ocrx_word' id='word_1_66' title='bbox 649 671 747 715; x_wconf 80' lang='lat' dir='ltr'>quod</span> <span class='ocrx_word' id='word_1_67' title='bbox 783 670 938 714; x_wconf 87' lang='lat' dir='ltr'>eminet,</span> 
     </span>
     <span class='ocr_line' id='line_1_15' title="bbox 163 717 939 764; baseline -0.001 -11"><span class='ocrx_word' id='word_1_68' title='bbox 163 717 251 764; x_wconf 84' lang='lat' dir='ltr'>quia</span> <span class='ocrx_word' id='word_1_69' title='bbox 268 720 401 753; x_wconf 81' lang='lat' dir='ltr'>cuncta</span> <span class='ocrx_word' id='word_1_70' title='bbox 420 717 474 754; x_wconf 87' lang='lat' dir='ltr'>eis</span> <span class='ocrx_word' id='word_1_71' title='bbox 488 717 707 763; x_wconf 67' lang='lat' dir='ltr'>apparentia</span> <span class='ocrx_word' id='word_1_72' title='bbox 719 721 755 753; x_wconf 93' lang='lat' dir='ltr'>et</span> <span class='ocrx_word' id='word_1_73' title='bbox 772 717 939 753; x_wconf 80' lang='lat' dir='ltr'>eminen-</span> 
     </span>
     <span class='ocr_line' id='line_1_16' title="bbox 162 764 941 810; baseline 0.001 -10"><span class='ocrx_word' id='word_1_74' title='bbox 162 766 214 800; x_wconf 85' lang='lat' dir='ltr'>tia</span> <span class='ocrx_word' id='word_1_75' title='bbox 228 764 315 800; x_wconf 89' lang='lat' dir='ltr'>inde</span> <span class='ocrx_word' id='word_1_76' title='bbox 333 769 578 810; x_wconf 82' lang='lat' dir='ltr'>consurgunt,</span> <span class='ocrx_word' id='word_1_77' title='bbox 591 764 687 800; x_wconf 83' lang='lat' dir='ltr'>sicut</span> <span class='ocrx_word' id='word_1_78' title='bbox 703 766 941 801; x_wconf 73' lang='lat' dir='ltr'>lionanostra</span> 
     </span>
     <span class='ocr_line' id='line_1_17' title="bbox 162 811 938 859; baseline -0.001 -11"><span class='ocrx_word' id='word_1_79' title='bbox 162 811 209 848; x_wconf 90' lang='lat' dir='ltr'>de</span> <span class='ocrx_word' id='word_1_80' title='bbox 248 812 506 859; x_wconf 76' lang='lat' dir='ltr'>profunditate</span> <span class='ocrx_word' id='word_1_81' title='bbox 547 812 680 858; x_wconf 73' lang='lat' dir='ltr'>gratise</span> <span class='ocrx_word' id='word_1_82' title='bbox 723 811 811 855; x_wconf 84' lang='lat' dir='ltr'>Dei,</span> <span class='ocrx_word' id='word_1_83' title='bbox 856 823 938 858; x_wconf 61' lang='lat' dir='ltr'>quae</span> 
     </span>
     <span class='ocr_line' id='line_1_18' title="bbox 162 858 941 906; baseline 0 -11"><span class='ocrx_word' id='word_1_84' title='bbox 162 859 432 906; x_wconf 75' lang='lat' dir='ltr'>comprehendi</span> <span class='ocrx_word' id='word_1_85' title='bbox 459 869 501 896; x_wconf 87' lang='lat' dir='ltr'>ac</span> <span class='ocrx_word' id='word_1_86' title='bbox 520 858 682 905; x_wconf 85' lang='lat' dir='ltr'>judicari</span> <span class='ocrx_word' id='word_1_87' title='bbox 709 870 785 895; x_wconf 88' lang='lat' dir='ltr'>non</span> <span class='ocrx_word' id='word_1_88' title='bbox 815 862 941 906; x_wconf 84' lang='lat' dir='ltr'>potest</span> 
     </span>
     <span class='ocr_line' id='line_1_19' title="bbox 163 906 941 953; baseline 0.001 -11"><span class='ocrx_word' id='word_1_89' title='bbox 163 906 342 943; x_wconf 75' lang='lat' dir='ltr'>universa</span> <span class='ocrx_word' id='word_1_90' title='bbox 361 907 582 953; x_wconf 85' lang='lat' dir='ltr'>procedunt,</span> <span class='ocrx_word' id='word_1_91' title='bbox 612 908 698 953; x_wconf 86' lang='lat' dir='ltr'>quia</span> <span class='ocrx_word' id='word_1_92' title='bbox 725 917 768 943; x_wconf 83' lang='lat' dir='ltr'>ex</span> <span class='ocrx_word' id='word_1_93' title='bbox 794 907 941 943; x_wconf 79' lang='lat' dir='ltr'>occulta</span> 
     </span>
     <span class='ocr_line' id='line_1_20' title="bbox 160 953 939 1000; baseline -0.001 -10"><span class='ocrx_word' id='word_1_94' title='bbox 160 953 226 990; x_wconf 88' lang='lat' dir='ltr'>Dei</span> <span class='ocrx_word' id='word_1_95' title='bbox 260 954 451 990; x_wconf 88' lang='lat' dir='ltr'>voluntate</span> <span class='ocrx_word' id='word_1_96' title='bbox 478 958 633 990; x_wconf 71' lang='lat' dir='ltr'>vocatur</span> <span class='ocrx_word' id='word_1_97' title='bbox 662 955 708 990; x_wconf 89' lang='lat' dir='ltr'>ad</span> <span class='ocrx_word' id='word_1_98' title='bbox 737 954 939 1000; x_wconf 79' lang='lat' dir='ltr'>participa-</span> 
     </span>
     <span class='ocr_line' id='line_1_21' title="bbox 161 1000 938 1048; baseline 0 -11"><span class='ocrx_word' id='word_1_99' title='bbox 161 1000 303 1037; x_wconf 87' lang='lat' dir='ltr'>tionem</span> <span class='ocrx_word' id='word_1_100' title='bbox 325 1005 439 1038; x_wconf 80' lang='lat' dir='ltr'>tantae</span> <span class='ocrx_word' id='word_1_101' title='bbox 460 1003 607 1048; x_wconf 79' lang='lat' dir='ltr'>gratiae,</span> <span class='ocrx_word' id='word_1_102' title='bbox 627 1002 721 1038; x_wconf 81' lang='lat' dir='ltr'>alius</span> <span class='ocrx_word' id='word_1_103' title='bbox 737 1002 849 1037; x_wconf 86' lang='lat' dir='ltr'>homo</span> <span class='ocrx_word' id='word_1_104' title='bbox 872 1002 938 1048; x_wconf 86' lang='lat' dir='ltr'>sie,</span> 
     </span>
     <span class='ocr_line' id='line_1_22' title="bbox 159 1048 939 1096; baseline 0.001 -12"><span class='ocrx_word' id='word_1_105' title='bbox 159 1048 389 1085; x_wconf 87' lang='lat' dir='ltr'>aliusautem</span> <span class='ocrx_word' id='word_1_106' title='bbox 401 1048 465 1085; x_wconf 86' lang='lat' dir='ltr'>sic.</span> <span class='ocrx_word' id='word_1_107' title='bbox 484 1049 836 1096; x_wconf 72' lang='lat' dir='ltr'>supereminentem</span> <span class='ocrx_word' id='word_1_108' title='bbox 851 1059 939 1085; x_wconf 80' lang='lat' dir='ltr'>vero</span> 
     </span>
     <span class='ocr_line' id='line_1_23' title="bbox 160 1095 939 1143; baseline -0.001 -11"><span class='ocrx_word' id='word_1_109' title='bbox 160 1095 328 1132; x_wconf 82' lang='lat' dir='ltr'>scientiae</span> <span class='ocrx_word' id='word_1_110' title='bbox 352 1096 548 1132; x_wconf 73' lang='lat' dir='ltr'>caritatem</span> <span class='ocrx_word' id='word_1_111' title='bbox 571 1096 724 1140; x_wconf 75' lang='lat' dir='ltr'>Christi,</span> <span class='ocrx_word' id='word_1_112' title='bbox 747 1106 829 1132; x_wconf 87' lang='lat' dir='ltr'>eam</span> <span class='ocrx_word' id='word_1_113' title='bbox 851 1106 939 1143; x_wconf 91' lang='lat' dir='ltr'>pro-</span> 
     </span>
     <span class='ocr_line' id='line_1_24' title="bbox 161 1143 939 1190; baseline 0.001 -11"><span class='ocrx_word' id='word_1_114' title='bbox 161 1143 258 1180; x_wconf 88' lang='lat' dir='ltr'>fecto</span> <span class='ocrx_word' id='word_1_115' title='bbox 277 1143 381 1188; x_wconf 85' lang='lat' dir='ltr'>dicit,</span> <span class='ocrx_word' id='word_1_116' title='bbox 402 1143 465 1180; x_wconf 89' lang='lat' dir='ltr'>ubi</span> <span class='ocrx_word' id='word_1_117' title='bbox 487 1154 557 1190; x_wconf 86' lang='lat' dir='ltr'>pax</span> <span class='ocrx_word' id='word_1_118' title='bbox 577 1143 641 1180; x_wconf 89' lang='lat' dir='ltr'>illa</span> <span class='ocrx_word' id='word_1_119' title='bbox 671 1147 740 1188; x_wconf 85' lang='lat' dir='ltr'>est,</span> <span class='ocrx_word' id='word_1_120' title='bbox 766 1154 848 1189; x_wconf 78' lang='lat' dir='ltr'>quae</span> <span class='ocrx_word' id='word_1_121' title='bbox 870 1154 939 1180; x_wconf 81' lang='lat' dir='ltr'>ex-</span> 
     </span>
     <span class='ocr_line' id='line_1_25' title="bbox 157 1191 939 1236; baseline -0.001 -9"><span class='ocrx_word' id='word_1_122' title='bbox 157 1194 310 1236; x_wconf 82' lang='lat' dir='ltr'>superat</span> <span class='ocrx_word' id='word_1_123' title='bbox 329 1201 480 1227; x_wconf 90' lang='lat' dir='ltr'>omnem</span> <span class='ocrx_word' id='word_1_124' title='bbox 501 1191 745 1227; x_wconf 81' lang='lat' dir='ltr'>intellectum.</span> <span class='ocrx_word' id='word_1_125' title='bbox 768 1192 843 1227; x_wconf 79' lang='lat' dir='ltr'>Hoc</span> <span class='ocrx_word' id='word_1_126' title='bbox 864 1201 939 1227; x_wconf 88' lang='lat' dir='ltr'>au-</span> 
     </span>
     <span class='ocr_line' id='line_1_26' title="bbox 162 1238 938 1286; baseline 0 -12"><span class='ocrx_word' id='word_1_127' title='bbox 162 1242 238 1274; x_wconf 83' lang='lat' dir='ltr'>tem</span> <span class='ocrx_word' id='word_1_128' title='bbox 255 1238 477 1286; x_wconf 62' lang='lat' dir='ltr'>mysterium</span> <span class='ocrx_word' id='word_1_129' title='bbox 498 1238 686 1285; x_wconf 79' lang='lat' dir='ltr'>explicans</span> <span class='ocrx_word' id='word_1_130' title='bbox 710 1238 762 1275; x_wconf 89' lang='lat' dir='ltr'>sic</span> <span class='ocrx_word' id='word_1_131' title='bbox 783 1238 835 1274; x_wconf 91' lang='lat' dir='ltr'>ait</span> <span class='ocrx_word' id='word_1_132' title='bbox 855 1240 938 1274; x_wconf 82' lang='lat' dir='ltr'>Ber-</span> 
     </span>
     <span class='ocr_line' id='line_1_27' title="bbox 160 1285 938 1332; baseline 0 -11"><span class='ocrx_word' id='word_1_133' title='bbox 160 1285 303 1322; x_wconf 80' lang='lat' dir='ltr'>nardus</span> <span class='ocrx_word' id='word_1_134' title='bbox 323 1298 333 1321; x_wconf 91' lang='lat'>:</span> <span class='ocrx_word' id='word_1_135' title='bbox 358 1300 374 1320; x_wconf 91' lang='lat'>«</span> <span class='ocrx_word' id='word_1_136' title='bbox 397 1285 568 1322; x_wconf 87' lang='lat' dir='ltr'>Christus</span> <span class='ocrx_word' id='word_1_137' title='bbox 590 1286 629 1322; x_wconf 93' lang='lat' dir='ltr'>in</span> <span class='ocrx_word' id='word_1_138' title='bbox 659 1297 767 1323; x_wconf 83' lang='lat' dir='ltr'>cruce</span> <span class='ocrx_word' id='word_1_139' title='bbox 786 1286 938 1332; x_wconf 88' lang='lat' dir='ltr'>patien-</span> 
     </span>
     <span class='ocr_line' id='line_1_28' title="bbox 158 1333 936 1380; baseline 0 -11"><span class='ocrx_word' id='word_1_140' title='bbox 158 1333 251 1369; x_wconf 82' lang='lat' dir='ltr'>tiam</span> <span class='ocrx_word' id='word_1_141' title='bbox 292 1333 456 1377; x_wconf 81' lang='lat' dir='ltr'>exhibet,</span> <span class='ocrx_word' id='word_1_142' title='bbox 495 1333 751 1370; x_wconf 81' lang='lat' dir='ltr'>obedientiam</span> <span class='ocrx_word' id='word_1_143' title='bbox 791 1333 936 1380; x_wconf 88' lang='lat' dir='ltr'>implet,</span> 
     </span>
     <span class='ocr_line' id='line_1_29' title="bbox 158 1380 938 1417; baseline 0 0"><span class='ocrx_word' id='word_1_144' title='bbox 158 1380 411 1417; x_wconf 83' lang='lat' dir='ltr'>humilitatem</span> <span class='ocrx_word' id='word_1_145' title='bbox 429 1381 668 1417; x_wconf 84' lang='lat' dir='ltr'>commendat</span> <span class='ocrx_word' id='word_1_146' title='bbox 686 1384 724 1417; x_wconf 89' lang='lat' dir='ltr'>et</span> <span class='ocrx_word' id='word_1_147' title='bbox 741 1380 938 1417; x_wconf 82' lang='lat' dir='ltr'>caritatem</span> 
     </span>
     <span class='ocr_line' id='line_1_30' title="bbox 156 1428 938 1475; baseline 0.001 -11"><span class='ocrx_word' id='word_1_148' title='bbox 156 1428 319 1475; x_wconf 82' lang='lat' dir='ltr'>perficit.</span> <span class='ocrx_word' id='word_1_149' title='bbox 344 1428 408 1464; x_wconf 90' lang='lat' dir='ltr'>His</span> <span class='ocrx_word' id='word_1_150' title='bbox 434 1439 524 1474; x_wconf 68' lang='lat' dir='ltr'>ergo</span> <span class='ocrx_word' id='word_1_151' title='bbox 562 1433 724 1474; x_wconf 83' lang='lat' dir='ltr'>quatuor</span> <span class='ocrx_word' id='word_1_152' title='bbox 756 1429 938 1465; x_wconf 78' lang='lat' dir='ltr'>virtutum</span> 
     </span>
     <span class='ocr_line' id='line_1_31' title="bbox 157 1475 936 1522; baseline 0.003 -11"><span class='ocrx_word' id='word_1_153' title='bbox 157 1475 333 1522; x_wconf 85' lang='lat' dir='ltr'>gemmis,</span> <span class='ocrx_word' id='word_1_154' title='bbox 356 1482 517 1522; x_wconf 85' lang='lat' dir='ltr'>quatuor</span> <span class='ocrx_word' id='word_1_155' title='bbox 541 1476 694 1512; x_wconf 86' lang='lat' dir='ltr'>brachia</span> <span class='ocrx_word' id='word_1_156' title='bbox 726 1477 848 1513; x_wconf 89' lang='lat' dir='ltr'>crucis</span> <span class='ocrx_word' id='word_1_157' title='bbox 869 1476 936 1513; x_wconf 88' lang='lat' dir='ltr'>de-</span> 
     </span>
     <span class='ocr_line' id='line_1_32' title="bbox 158 1523 935 1570; baseline -0.003 -11"><span class='ocrx_word' id='word_1_158' title='bbox 158 1530 352 1559; x_wconf 86' lang='lat' dir='ltr'>corantur.</span> <span class='ocrx_word' id='word_1_159' title='bbox 380 1523 674 1570; x_wconf 78' lang='lat' dir='ltr'>supereminens</span> <span class='ocrx_word' id='word_1_160' title='bbox 695 1527 751 1559; x_wconf 84' lang='lat' dir='ltr'>est</span> <span class='ocrx_word' id='word_1_161' title='bbox 777 1523 935 1568; x_wconf 82' lang='lat' dir='ltr'>caritas;</span> 
     </span>
     <span class='ocr_line' id='line_1_33' title="bbox 159 1570 937 1617; baseline 0.001 -11"><span class='ocrx_word' id='word_1_162' title='bbox 159 1580 181 1606; x_wconf 93' lang='lat' dir='ltr'>a</span> <span class='ocrx_word' id='word_1_163' title='bbox 200 1570 356 1615; x_wconf 83' lang='lat' dir='ltr'>dextris,</span> <span class='ocrx_word' id='word_1_164' title='bbox 379 1570 620 1615; x_wconf 82' lang='lat' dir='ltr'>obedientia3</span> <span class='ocrx_word' id='word_1_165' title='bbox 641 1582 663 1607; x_wconf 89' lang='lat' dir='ltr'>a</span> <span class='ocrx_word' id='word_1_166' title='bbox 683 1570 860 1614; x_wconf 66' lang='lat' dir='ltr'>sinistris,</span> <span class='ocrx_word' id='word_1_167' title='bbox 875 1581 937 1617; x_wconf 84' lang='lat' dir='ltr'>pa-</span> 
     </span>
     <span class='ocr_line' id='line_1_34' title="bbox 157 1617 936 1664; baseline -0.001 -10"><span class='ocrx_word' id='word_1_168' title='bbox 157 1617 307 1662; x_wconf 79' lang='lat' dir='ltr'>tientia;</span> <span class='ocrx_word' id='word_1_169' title='bbox 331 1619 368 1653; x_wconf 92' lang='lat' dir='ltr'>in</span> <span class='ocrx_word' id='word_1_170' title='bbox 401 1618 606 1664; x_wconf 84' lang='lat' dir='ltr'>profundo,</span> <span class='ocrx_word' id='word_1_171' title='bbox 635 1618 740 1654; x_wconf 81' lang='lat' dir='ltr'>radix</span> <span class='ocrx_word' id='word_1_172' title='bbox 767 1621 936 1654; x_wconf 84' lang='lat' dir='ltr'>oninium</span> 
     </span>
     <span class='ocr_line' id='line_1_35' title="bbox 161 1663 935 1710; baseline 0.001 -10"><span class='ocrx_word' id='word_1_173' title='bbox 161 1663 355 1710; x_wconf 85' lang='lat' dir='ltr'>virtutum,</span> <span class='ocrx_word' id='word_1_174' title='bbox 380 1665 574 1701; x_wconf 80' lang='lat' dir='ltr'>humilitas</span> <span class='ocrx_word' id='word_1_175' title='bbox 597 1676 605 1701; x_wconf 88' lang='lat'><strong>:</strong></span> <span class='ocrx_word' id='word_1_176' title='bbox 629 1679 647 1698; x_wconf 90' lang='lat'>»</span> <span class='ocrx_word' id='word_1_177' title='bbox 671 1666 751 1701; x_wconf 86' lang='lat' dir='ltr'>haec</span> <span class='ocrx_word' id='word_1_178' title='bbox 778 1668 935 1701; x_wconf 77' lang='lat' dir='ltr'>Bernar-</span> 
     </span>
     <span class='ocr_line' id='line_1_36' title="bbox 155 1712 934 1757; baseline 0 -9"><span class='ocrx_word' id='word_1_179' title='bbox 155 1713 237 1749; x_wconf 85' lang='lat' dir='ltr'>dus.</span> <span class='ocrx_word' id='word_1_180' title='bbox 255 1714 294 1748; x_wconf 88' lang='lat' dir='ltr'>In</span> <span class='ocrx_word' id='word_1_181' title='bbox 311 1716 476 1752; x_wconf 83' lang='lat' dir='ltr'>nuatuor</span> <span class='ocrx_word' id='word_1_182' title='bbox 486 1717 601 1749; x_wconf 79' lang='lat' dir='ltr'>etiam</span> <span class='ocrx_word' id='word_1_183' title='bbox 618 1712 783 1749; x_wconf 77' lang='lat' dir='ltr'>brachiis</span> <span class='ocrx_word' id='word_1_184' title='bbox 799 1712 934 1757; x_wconf 86' lang='lat' dir='ltr'>crucis,</span> 
     </span>
     <span class='ocr_line' id='line_1_37' title="bbox 154 1760 936 1807; baseline -0.001 -11"><span class='ocrx_word' id='word_1_185' title='bbox 154 1763 336 1797; x_wconf 89' lang='lat' dir='ltr'>notantur</span> <span class='ocrx_word' id='word_1_186' title='bbox 349 1764 514 1806; x_wconf 84' lang='lat' dir='ltr'>quatuor</span> <span class='ocrx_word' id='word_1_187' title='bbox 527 1760 629 1796; x_wconf 89' lang='lat' dir='ltr'>inter</span> <span class='ocrx_word' id='word_1_188' title='bbox 643 1760 835 1807; x_wconf 86' lang='lat' dir='ltr'>praecipua</span> <span class='ocrx_word' id='word_1_189' title='bbox 852 1771 936 1796; x_wconf 91' lang='lat' dir='ltr'>cru-</span> 
     </span>
     <span class='ocr_line' id='line_1_38' title="bbox 153 1806 934 1854; baseline 0 -10"><span class='ocrx_word' id='word_1_190' title='bbox 153 1806 206 1844; x_wconf 89' lang='lat' dir='ltr'>cis</span> <span class='ocrx_word' id='word_1_191' title='bbox 231 1807 416 1844; x_wconf 85' lang='lat' dir='ltr'>beneficia</span> <span class='ocrx_word' id='word_1_192' title='bbox 443 1819 452 1844; x_wconf 87' lang='lat'>:</span> <span class='ocrx_word' id='word_1_193' title='bbox 481 1807 607 1853; x_wconf 83' lang='lat' dir='ltr'>signat</span> <span class='ocrx_word' id='word_1_194' title='bbox 630 1807 730 1844; x_wconf 88' lang='lat' dir='ltr'>enim</span> <span class='ocrx_word' id='word_1_195' title='bbox 751 1818 838 1854; x_wconf 88' lang='lat' dir='ltr'>pars</span> <span class='ocrx_word' id='word_1_196' title='bbox 862 1818 934 1844; x_wconf 89' lang='lat' dir='ltr'>su·-</span> 
     </span>
     <span class='ocr_line' id='line_1_39' title="bbox 152 1855 935 1902; baseline 0 -11"><span class='ocrx_word' id='word_1_197' title='bbox 152 1855 417 1902; x_wconf 82' lang='lat' dir='ltr'>periorJ&#39;anuae</span> <span class='ocrx_word' id='word_1_198' title='bbox 430 1855 592 1892; x_wconf 85' lang='lat' dir='ltr'>coelestis</span> <span class='ocrx_word' id='word_1_199' title='bbox 607 1856 844 1902; x_wconf 87' lang='lat' dir='ltr'>apertionem</span> <span class='ocrx_word' id='word_1_200' title='bbox 856 1866 864 1899; x_wconf 90' lang='lat'>;</span> <span class='ocrx_word' id='word_1_201' title='bbox 882 1855 935 1891; x_wconf 92' lang='lat' dir='ltr'>in-</span> 
     </span>
     <span class='ocr_line' id='line_1_40' title="bbox 153 1901 934 1948; baseline 0.001 -10"><span class='ocrx_word' id='word_1_202' title='bbox 153 1902 282 1948; x_wconf 87' lang='lat' dir='ltr'>ferior,</span> <span class='ocrx_word' id='word_1_203' title='bbox 303 1901 442 1939; x_wconf 91' lang='lat' dir='ltr'>inferni</span> <span class='ocrx_word' id='word_1_204' title='bbox 460 1903 758 1940; x_wconf 85' lang='lat' dir='ltr'>destructionem</span> <span class='ocrx_word' id='word_1_205' title='bbox 775 1914 783 1947; x_wconf 88' lang='grc'>;</span> <span class='ocrx_word' id='word_1_206' title='bbox 803 1913 826 1939; x_wconf 89' lang='lat' dir='ltr'>a</span> <span class='ocrx_word' id='word_1_207' title='bbox 846 1904 934 1939; x_wconf 80' lang='lat' dir='ltr'>(lex-</span> 
     </span>
     <span class='ocr_line' id='line_1_41' title="bbox 151 1949 932 2004; baseline 0.001 -18"><span class='ocrx_word' id='word_1_208' title='bbox 151 1949 234 1995; x_wconf 87' lang='lat' dir='ltr'>tris,</span> <span class='ocrx_word' id='word_1_209' title='bbox 256 1949 389 1996; x_wconf 82' lang='lat' dir='ltr'>gratiae</span> <span class='ocrx_word' id='word_1_210' title='bbox 416 1949 678 2004; x_wconf 81' lang='lat' dir='ltr'>collationem;</span> <span class='ocrx_word' id='word_1_211' title='bbox 704 1961 726 1988; x_wconf 89' lang='lat' dir='ltr'>a</span> <span class='ocrx_word' id='word_1_212' title='bbox 751 1950 932 1997; x_wconf 88' lang='lat' dir='ltr'>sinistris,</span> 
     </span>
     <span class='ocr_line' id='line_1_42' title="bbox 153 1997 691 2045; baseline 0.002 -11"><span class='ocrx_word' id='word_1_213' title='bbox 153 2003 394 2045; x_wconf 85' lang='lat' dir='ltr'>peccatorum</span> <span class='ocrx_word' id='word_1_214' title='bbox 412 1997 691 2035; x_wconf 82' lang='lat' dir='ltr'>remissionem.</span> 
     </span>
    </p>

    <p class='ocr_par' dir='ltr' id='par_1_7' title="bbox 148 2045 934 2804">
     <span class='ocr_line' id='line_1_43' title="bbox 206 2045 934 2091; baseline 0.001 -10"><span class='ocrx_word' id='word_1_215' title='bbox 206 2048 245 2081; x_wconf 86' lang='lat'>15</span> <span class='ocrx_word' id='word_1_216' title='bbox 263 2045 457 2081; x_wconf 64' lang='lat' dir='ltr'>LATnoxmi</span> <span class='ocrx_word' id='word_1_217' title='bbox 474 2056 934 2091; x_wconf 54' lang='lat' dir='ltr'>cnummxmmocuuaxrnu</span> 
     </span>
     <span class='ocr_line' id='line_1_44' title="bbox 154 2095 934 2139; baseline 0.003 -11"><span class='ocrx_word' id='word_1_218' title='bbox 154 2103 197 2128; x_wconf 75' lang='lat' dir='ltr'>Ex</span> <span class='ocrx_word' id='word_1_219' title='bbox 226 2104 271 2129; x_wconf 79' lang='lat' dir='ltr'>EA</span> <span class='ocrx_word' id='word_1_220' title='bbox 302 2104 346 2129; x_wconf 82' lang='lat' dir='ltr'>ET</span> <span class='ocrx_word' id='word_1_221' title='bbox 367 2104 510 2130; x_wconf 59' lang='lat' dir='ltr'>ortano.</span> <span class='ocrx_word' id='word_1_222' title='bbox 550 2114 596 2120; x_wconf 94' lang='lat'><strong>—</strong></span> <span class='ocrx_word' id='word_1_223' title='bbox 631 2095 730 2130; x_wconf 83' lang='lat' dir='ltr'>Tunc</span> <span class='ocrx_word' id='word_1_224' title='bbox 763 2095 934 2139; x_wconf 76' lang='lat' dir='ltr'>cruez&#39;fiaei</span> 
     </span>
     <span class='ocr_line' id='line_1_45' title="bbox 155 2140 932 2177; baseline 0.003 -2"><span class='ocrx_word' id='word_1_225' title='bbox 155 2144 241 2176; x_wconf 84' lang='lat' dir='ltr'>sunt</span> <span class='ocrx_word' id='word_1_226' title='bbox 260 2151 341 2176; x_wconf 83' lang='lat' dir='ltr'>cum</span> <span class='ocrx_word' id='word_1_227' title='bbox 367 2151 404 2176; x_wconf 85' lang='lat' dir='ltr'>eo</span> <span class='ocrx_word' id='word_1_228' title='bbox 423 2142 512 2177; x_wconf 85' lang='lat' dir='ltr'>Jesu</span> <span class='ocrx_word' id='word_1_229' title='bbox 539 2140 683 2177; x_wconf 88' lang='lat' dir='ltr'>scilicet</span> <span class='ocrx_word' id='word_1_230' title='bbox 713 2141 783 2177; x_wconf 82' lang='lat' dir='ltr'>duo</span> <span class='ocrx_word' id='word_1_231' title='bbox 811 2142 932 2177; x_wconf 83' lang='lat' dir='ltr'>Iatro-</span> 
     </span>
     <span class='ocr_line' id='line_1_46' title="bbox 152 2188 932 2234; baseline 0.003 -12"><span class='ocrx_word' id='word_1_232' title='bbox 152 2198 228 2232; x_wconf 82' lang='lat' dir='ltr'>nes,</span> <span class='ocrx_word' id='word_1_233' title='bbox 248 2190 404 2234; x_wconf 88' lang='lat' dir='ltr'>propter</span> <span class='ocrx_word' id='word_1_234' title='bbox 418 2188 561 2225; x_wconf 88' lang='lat' dir='ltr'>scelera</span> <span class='ocrx_word' id='word_1_235' title='bbox 579 2188 750 2225; x_wconf 88' lang='lat' dir='ltr'>damnati</span> <span class='ocrx_word' id='word_1_236' title='bbox 769 2200 777 2233; x_wconf 92' lang='grc'>;</span> <span class='ocrx_word' id='word_1_237' title='bbox 797 2199 892 2225; x_wconf 83' lang='lat' dir='ltr'>unus</span> <span class='ocrx_word' id='word_1_238' title='bbox 910 2200 932 2225; x_wconf 84' lang='grc' dir='ltr'><em>α</em></span> 
     </span>
     <span class='ocr_line' id='line_1_47' title="bbox 149 2234 933 2283; baseline 0.004 -13"><span class='ocrx_word' id='word_1_239' title='bbox 149 2235 307 2279; x_wconf 71' lang='lat' dir='ltr'>dea-tris,</span> <span class='ocrx_word' id='word_1_240' title='bbox 330 2234 391 2281; x_wconf 86' lang='lat' dir='ltr'>qui</span> <span class='ocrx_word' id='word_1_241' title='bbox 415 2235 453 2272; x_wconf 92' lang='lat' dir='ltr'>in</span> <span class='ocrx_word' id='word_1_242' title='bbox 475 2235 551 2272; x_wconf 84' lang='lat' dir='ltr'>sine</span> <span class='ocrx_word' id='word_1_243' title='bbox 567 2236 758 2283; x_wconf 67' lang='lat' dir='ltr'>pcenstuit,</span> <span class='ocrx_word' id='word_1_244' title='bbox 781 2241 817 2273; x_wconf 91' lang='lat' dir='ltr'>et</span> <span class='ocrx_word' id='word_1_245' title='bbox 836 2247 933 2273; x_wconf 80' lang='lat' dir='ltr'>unus</span> 
     </span>
     <span class='ocr_line' id='line_1_48' title="bbox 149 2283 932 2331; baseline 0.003 -13"><span class='ocrx_word' id='word_1_246' title='bbox 149 2293 172 2318; x_wconf 86' lang='lat' dir='ltr'>a</span> <span class='ocrx_word' id='word_1_247' title='bbox 192 2284 371 2326; x_wconf 79' lang='lat' dir='ltr'>sinistris,</span> <span class='ocrx_word' id='word_1_248' title='bbox 391 2284 453 2328; x_wconf 80' lang='lat' dir='ltr'>qui</span> <span class='ocrx_word' id='word_1_249' title='bbox 472 2283 509 2319; x_wconf 90' lang='lat' dir='ltr'>in</span> <span class='ocrx_word' id='word_1_250' title='bbox 527 2283 737 2330; x_wconf 83' lang='lat' dir='ltr'>pertinacia</span> <span class='ocrx_word' id='word_1_251' title='bbox 756 2294 932 2331; x_wconf 85' lang='lat' dir='ltr'>perman-</span> 
     </span>
     <span class='ocr_line' id='line_1_49' title="bbox 149 2329 932 2379; baseline 0.003 -14"><span class='ocrx_word' id='word_1_252' title='bbox 149 2329 220 2375; x_wconf 89' lang='lat' dir='ltr'>sit;</span> <span class='ocrx_word' id='word_1_253' title='bbox 243 2334 278 2366; x_wconf 85' lang='lat' dir='ltr'>et</span> <span class='ocrx_word' id='word_1_254' title='bbox 301 2331 410 2367; x_wconf 86' lang='lat' dir='ltr'>Jesus</span> <span class='ocrx_word' id='word_1_255' title='bbox 432 2332 470 2366; x_wconf 93' lang='lat' dir='ltr'>in</span> <span class='ocrx_word' id='word_1_256' title='bbox 493 2331 630 2376; x_wconf 89' lang='lat' dir='ltr'>medio,</span> <span class='ocrx_word' id='word_1_257' title='bbox 654 2331 717 2379; x_wconf 91' lang='lat' dir='ltr'>qui</span> <span class='ocrx_word' id='word_1_258' title='bbox 745 2331 932 2368; x_wconf 77' lang='lat' dir='ltr'>mediator</span> 
     </span>
     <span class='ocr_line' id='line_1_50' title="bbox 150 2377 932 2426; baseline 0.003 -13"><span class='ocrx_word' id='word_1_259' title='bbox 150 2377 198 2413; x_wconf 86' lang='lat' dir='ltr'>ad</span> <span class='ocrx_word' id='word_1_260' title='bbox 232 2377 554 2415; x_wconf 80' lang='lat' dir='ltr'>reconciliandum</span> <span class='ocrx_word' id='word_1_261' title='bbox 580 2379 661 2416; x_wconf 82' lang='lat' dir='ltr'>fuit.</span> <span class='ocrx_word' id='word_1_262' title='bbox 694 2379 779 2423; x_wconf 86' lang='lat' dir='ltr'>Sed,</span> <span class='ocrx_word' id='word_1_263' title='bbox 806 2390 932 2426; x_wconf 86' lang='lat' dir='ltr'>quan-</span> 
     </span>
     <span class='ocr_line' id='line_1_51' title="bbox 148 2424 932 2471; baseline 0.003 -11"><span class='ocrx_word' id='word_1_264' title='bbox 148 2430 228 2461; x_wconf 87' lang='lat' dir='ltr'>tum</span> <span class='ocrx_word' id='word_1_265' title='bbox 255 2425 301 2461; x_wconf 87' lang='lat' dir='ltr'>ad</span> <span class='ocrx_word' id='word_1_266' title='bbox 328 2424 578 2462; x_wconf 89' lang='lat' dir='ltr'>intentionem</span> <span class='ocrx_word' id='word_1_267' title='bbox 601 2426 836 2471; x_wconf 86' lang='lat' dir='ltr'>Judaeorum,</span> <span class='ocrx_word' id='word_1_268' title='bbox 859 2428 932 2463; x_wconf 87' lang='lat' dir='ltr'>hoc</span> 
     </span>
     <span class='ocr_line' id='line_1_52' title="bbox 150 2471 932 2520; baseline 0.003 -12"><span class='ocrx_word' id='word_1_269' title='bbox 150 2471 289 2508; x_wconf 82' lang='lat' dir='ltr'>sactum</span> <span class='ocrx_word' id='word_1_270' title='bbox 310 2475 367 2508; x_wconf 86' lang='lat' dir='ltr'>est</span> <span class='ocrx_word' id='word_1_271' title='bbox 389 2483 437 2517; x_wconf 85' lang='lat' dir='ltr'>ei,</span> <span class='ocrx_word' id='word_1_272' title='bbox 459 2473 505 2509; x_wconf 93' lang='lat' dir='ltr'>ad</span> <span class='ocrx_word' id='word_1_273' title='bbox 525 2472 775 2519; x_wconf 79' lang='lat' dir='ltr'>ignominiam</span> <span class='ocrx_word' id='word_1_274' title='bbox 796 2479 834 2510; x_wconf 90' lang='lat' dir='ltr'>et</span> <span class='ocrx_word' id='word_1_275' title='bbox 866 2484 932 2520; x_wconf 91' lang='lat' dir='ltr'>op·</span> 
     </span>
     <span class='ocr_line' id='line_1_53' title="bbox 150 2519 931 2567; baseline 0.003 -12"><span class='ocrx_word' id='word_1_276' title='bbox 150 2519 362 2567; x_wconf 88' lang='lat' dir='ltr'>probrium,</span> <span class='ocrx_word' id='word_1_277' title='bbox 393 2524 431 2556; x_wconf 91' lang='lat' dir='ltr'>ut</span> <span class='ocrx_word' id='word_1_278' title='bbox 466 2520 609 2557; x_wconf 89' lang='lat' dir='ltr'>scilicet</span> <span class='ocrx_word' id='word_1_279' title='bbox 648 2532 764 2558; x_wconf 86' lang='lat' dir='ltr'>causa</span> <span class='ocrx_word' id='word_1_280' title='bbox 796 2523 931 2558; x_wconf 89' lang='lat' dir='ltr'>mortis</span> 
     </span>
     <span class='ocr_line' id='line_1_54' title="bbox 149 2567 931 2620; baseline 0.001 -17"><span class='ocrx_word' id='word_1_281' title='bbox 149 2567 247 2620; x_wconf 79' lang='lat' dir='ltr'>ejus,</span> <span class='ocrx_word' id='word_1_282' title='bbox 271 2567 405 2603; x_wconf 90' lang='lat' dir='ltr'>similis</span> <span class='ocrx_word' id='word_1_283' title='bbox 421 2568 657 2614; x_wconf 82' lang='lat' dir='ltr'>judicaretur</span> <span class='ocrx_word' id='word_1_284' title='bbox 682 2579 804 2606; x_wconf 85' lang='lat' dir='ltr'>causae</span> <span class='ocrx_word' id='word_1_285' title='bbox 823 2580 931 2605; x_wconf 91' lang='lat' dir='ltr'>mor-</span> 
     </span>
     <span class='ocr_line' id='line_1_55' title="bbox 150 2615 932 2663; baseline 0.004 -13"><span class='ocrx_word' id='word_1_286' title='bbox 150 2617 198 2650; x_wconf 82' lang='lat' dir='ltr'>tis</span> <span class='ocrx_word' id='word_1_287' title='bbox 224 2615 430 2658; x_wconf 85' lang='lat' dir='ltr'>latronum,</span> <span class='ocrx_word' id='word_1_288' title='bbox 459 2626 501 2651; x_wconf 84' lang='lat' dir='ltr'>ac</span> <span class='ocrx_word' id='word_1_289' title='bbox 539 2617 730 2663; x_wconf 87' lang='lat' dir='ltr'>particeps</span> <span class='ocrx_word' id='word_1_290' title='bbox 754 2616 791 2653; x_wconf 91' lang='lat' dir='ltr'>in</span> <span class='ocrx_word' id='word_1_291' title='bbox 817 2616 932 2652; x_wconf 89' lang='lat' dir='ltr'>male-</span> 
     </span>
     <span class='ocr_line' id='line_1_56' title="bbox 148 2661 933 2708; baseline 0.003 -11"><span class='ocrx_word' id='word_1_292' title='bbox 148 2661 256 2698; x_wconf 84' lang='lat' dir='ltr'>factis</span> <span class='ocrx_word' id='word_1_293' title='bbox 277 2672 406 2698; x_wconf 88' lang='lat' dir='ltr'>eorum</span> <span class='ocrx_word' id='word_1_294' title='bbox 426 2663 675 2708; x_wconf 81' lang='lat' dir='ltr'>videretur,et</span> <span class='ocrx_word' id='word_1_295' title='bbox 692 2675 822 2700; x_wconf 89' lang='lat' dir='ltr'>eorum</span> <span class='ocrx_word' id='word_1_296' title='bbox 841 2665 933 2700; x_wconf 78' lang='lat' dir='ltr'>soci-</span> 
     </span>
     <span class='ocr_line' id='line_1_57' title="bbox 149 2709 932 2758; baseline 0.004 -13"><span class='ocrx_word' id='word_1_297' title='bbox 149 2714 248 2746; x_wconf 86' lang='lat' dir='ltr'>etate</span> <span class='ocrx_word' id='word_1_298' title='bbox 275 2709 535 2746; x_wconf 80' lang='lat' dir='ltr'>infamaretur.</span> <span class='ocrx_word' id='word_1_299' title='bbox 559 2712 629 2747; x_wconf 83' lang='lat' dir='ltr'>Sed</span> <span class='ocrx_word' id='word_1_300' title='bbox 657 2710 687 2747; x_wconf 91' lang='lat' dir='ltr'>si</span> <span class='ocrx_word' id='word_1_301' title='bbox 718 2712 764 2748; x_wconf 89' lang='lat' dir='ltr'>ad</span> <span class='ocrx_word' id='word_1_302' title='bbox 794 2718 932 2758; x_wconf 74' lang='lat' dir='ltr'>myste-</span> 
     </span>
     <span class='ocr_line' id='line_1_58' title="bbox 150 2756 933 2804; baseline 0.004 -11"><span class='ocrx_word' id='word_1_303' title='bbox 150 2756 247 2793; x_wconf 86' lang='lat' dir='ltr'>rium</span> <span class='ocrx_word' id='word_1_304' title='bbox 272 2758 505 2804; x_wconf 86' lang='lat' dir='ltr'>attendatur,</span> <span class='ocrx_word' id='word_1_305' title='bbox 533 2758 604 2795; x_wconf 90' lang='lat' dir='ltr'>hoc</span> <span class='ocrx_word' id='word_1_306' title='bbox 639 2759 686 2796; x_wconf 84' lang='lat' dir='ltr'>ad</span> <span class='ocrx_word' id='word_1_307' title='bbox 723 2759 933 2796; x_wconf 76' lang='lat' dir='ltr'>claritatem</span> 
     </span>
    </p>
   </div>
   <div class='ocr_carea' id='block_1_7' title="bbox 1005 194 1802 2805">
    <p class='ocr_par' dir='ltr' id='par_1_8' title="bbox 1005 194 1802 2805">
     <span class='ocr_line' id='line_1_59' title="bbox 1017 194 1802 243; baseline -0.004 -10"><span class='ocrx_word' id='word_1_308' title='bbox 1017 195 1155 234; x_wconf 84' lang='lat' dir='ltr'>Christi</span> <span class='ocrx_word' id='word_1_309' title='bbox 1184 197 1358 243; x_wconf 84' lang='lat' dir='ltr'>pertinet,</span> <span class='ocrx_word' id='word_1_310' title='bbox 1381 205 1468 232; x_wconf 86' lang='lat' dir='ltr'>nam</span> <span class='ocrx_word' id='word_1_311' title='bbox 1503 203 1570 242; x_wconf 86' lang='lat' dir='ltr'>pet·</span> <span class='ocrx_word' id='word_1_312' title='bbox 1594 194 1662 230; x_wconf 83' lang='lat' dir='ltr'>hoc</span> <span class='ocrx_word' id='word_1_313' title='bbox 1682 198 1802 232; x_wconf 60' lang='lat' dir='ltr'>Osten-</span> 
     </span>
     <span class='ocr_line' id='line_1_60' title="bbox 1018 243 1799 290; baseline -0.003 -11"><span class='ocrx_word' id='word_1_314' title='bbox 1018 243 1131 286; x_wconf 83' lang='lat' dir='ltr'>‹litur,</span> <span class='ocrx_word' id='word_1_315' title='bbox 1153 245 1251 290; x_wconf 79' lang='lat' dir='ltr'>quod</span> <span class='ocrx_word' id='word_1_316' title='bbox 1275 255 1340 288; x_wconf 84' lang='lat' dir='ltr'>pei·</span> <span class='ocrx_word' id='word_1_317' title='bbox 1357 243 1574 279; x_wconf 81' lang='lat' dir='ltr'>Passionem</span> <span class='ocrx_word' id='word_1_318' title='bbox 1597 252 1701 278; x_wconf 84' lang='lat' dir='ltr'>suam</span> <span class='ocrx_word' id='word_1_319' title='bbox 1722 253 1799 278; x_wconf 80' lang='lat' dir='ltr'>ine-</span> 
     </span>
     <span class='ocr_line' id='line_1_61' title="bbox 1017 291 1802 338; baseline -0.001 -12"><span class='ocrx_word' id='word_1_320' title='bbox 1017 291 1426 336; x_wconf 79' lang='lat' dir='ltr'>rebaturjndiciariam</span> <span class='ocrx_word' id='word_1_321' title='bbox 1457 292 1695 338; x_wconf 69' lang='lat' dir='ltr'>potestatem.</span> <span class='ocrx_word' id='word_1_322' title='bbox 1729 291 1802 325; x_wconf 79' lang='lat' dir='ltr'>Me-</span> 
     </span>
     <span class='ocr_line' id='line_1_62' title="bbox 1017 336 1801 384; baseline -0.001 -10"><span class='ocrx_word' id='word_1_323' title='bbox 1017 338 1118 374; x_wconf 85' lang='lat' dir='ltr'>dium</span> <span class='ocrx_word' id='word_1_324' title='bbox 1137 349 1237 374; x_wconf 85' lang='lat' dir='ltr'>enim</span> <span class='ocrx_word' id='word_1_325' title='bbox 1258 342 1384 373; x_wconf 78' lang='lat' dir='ltr'>tenere</span> <span class='ocrx_word' id='word_1_326' title='bbox 1406 336 1557 384; x_wconf 79' lang='lat' dir='ltr'>proprie</span> <span class='ocrx_word' id='word_1_327' title='bbox 1575 336 1736 383; x_wconf 89' lang='lat' dir='ltr'>pertinet</span> <span class='ocrx_word' id='word_1_328' title='bbox 1752 337 1801 373; x_wconf 83' lang='lat' dir='ltr'>ad</span> 
     </span>
     <span class='ocr_line' id='line_1_63' title="bbox 1012 385 1799 432; baseline -0.001 -11"><span class='ocrx_word' id='word_1_329' title='bbox 1012 385 1193 432; x_wconf 78' lang='lat' dir='ltr'>judicent.</span> <span class='ocrx_word' id='word_1_330' title='bbox 1227 386 1332 421; x_wconf 85' lang='lat' dir='ltr'>Unde</span> <span class='ocrx_word' id='word_1_331' title='bbox 1359 385 1448 420; x_wconf 65' lang='lat' dir='ltr'>dicit</span> <span class='ocrx_word' id='word_1_332' title='bbox 1472 386 1744 430; x_wconf 74' lang='lat' dir='ltr'>Chrysostomus</span> <span class='ocrx_word' id='word_1_333' title='bbox 1789 397 1799 419; x_wconf 74' lang='grc' dir='ltr'><strong><em>ε</em></strong></span> 
     </span>
     <span class='ocr_line' id='line_1_64' title="bbox 1018 431 1801 477; baseline 0.001 -11"><span class='ocrx_word' id='word_1_334' title='bbox 1018 447 1036 466; x_wconf 90' lang='lat'>«</span> <span class='ocrx_word' id='word_1_335' title='bbox 1062 431 1208 469; x_wconf 66' lang='lat' dir='ltr'>Pariter</span> <span class='ocrx_word' id='word_1_336' title='bbox 1242 432 1467 477; x_wconf 73' lang='lat' dir='ltr'>crucifigunt</span> <span class='ocrx_word' id='word_1_337' title='bbox 1505 432 1684 477; x_wconf 84' lang='lat' dir='ltr'>latrones,</span> <span class='ocrx_word' id='word_1_338' title='bbox 1726 443 1801 467; x_wconf 85' lang='lat' dir='ltr'>uon</span> 
     </span>
     <span class='ocr_line' id='line_1_65' title="bbox 1017 478 1800 526; baseline -0.003 -10"><span class='ocrx_word' id='word_1_339' title='bbox 1017 485 1211 526; x_wconf 82' lang='lat' dir='ltr'>tamquam</span> <span class='ocrx_word' id='word_1_340' title='bbox 1255 478 1394 514; x_wconf 87' lang='lat' dir='ltr'>inimici</span> <span class='ocrx_word' id='word_1_341' title='bbox 1432 479 1636 524; x_wconf 86' lang='lat' dir='ltr'>latronum,</span> <span class='ocrx_word' id='word_1_342' title='bbox 1684 478 1800 524; x_wconf 76' lang='lat' dir='ltr'>parti-</span> 
     </span>
     <span class='ocr_line' id='line_1_66' title="bbox 1017 526 1798 574; baseline -0.001 -11"><span class='ocrx_word' id='word_1_343' title='bbox 1017 529 1119 574; x_wconf 82' lang='lat' dir='ltr'>cipes</span> <span class='ocrx_word' id='word_1_344' title='bbox 1150 528 1252 563; x_wconf 87' lang='lat' dir='ltr'>enim</span> <span class='ocrx_word' id='word_1_345' title='bbox 1289 527 1398 562; x_wconf 80' lang='lat' dir='ltr'>erant</span> <span class='ocrx_word' id='word_1_346' title='bbox 1438 526 1592 561; x_wconf 81' lang='lat' dir='ltr'>sceleris</span> <span class='ocrx_word' id='word_1_347' title='bbox 1638 537 1770 562; x_wconf 88' lang='lat' dir='ltr'>eorum</span> <span class='ocrx_word' id='word_1_348' title='bbox 1790 538 1798 570; x_wconf 93' lang='lat'>;</span> 
     </span>
     <span class='ocr_line' id='line_1_67' title="bbox 1016 572 1795 618; baseline -0.004 -7"><span class='ocrx_word' id='word_1_349' title='bbox 1016 574 1082 611; x_wconf 78' lang='lat' dir='ltr'>sed</span> <span class='ocrx_word' id='word_1_350' title='bbox 1107 577 1147 610; x_wconf 86' lang='lat' dir='ltr'>ut</span> <span class='ocrx_word' id='word_1_351' title='bbox 1180 574 1406 610; x_wconf 85' lang='lat' dir='ltr'>infamarent</span> <span class='ocrx_word' id='word_1_352' title='bbox 1443 572 1640 608; x_wconf 78' lang='lat' dir='ltr'>Dominum</span> <span class='ocrx_word' id='word_1_353' title='bbox 1669 584 1795 618; x_wconf 83' lang='lat' dir='ltr'>suuni,</span> 
     </span>
     <span class='ocr_line' id='line_1_68' title="bbox 1016 619 1796 668; baseline -0.004 -10"><span class='ocrx_word' id='word_1_354' title='bbox 1016 622 1116 668; x_wconf 75' lang='lat' dir='ltr'>quod</span> <span class='ocrx_word' id='word_1_355' title='bbox 1153 632 1226 657; x_wconf 91' lang='lat' dir='ltr'>non</span> <span class='ocrx_word' id='word_1_356' title='bbox 1252 620 1334 656; x_wconf 88' lang='lat' dir='ltr'>siue</span> <span class='ocrx_word' id='word_1_357' title='bbox 1355 629 1467 656; x_wconf 86' lang='lat' dir='ltr'>causa</span> <span class='ocrx_word' id='word_1_358' title='bbox 1503 619 1702 656; x_wconf 78' lang='lat' dir='ltr'>crucilixus</span> <span class='ocrx_word' id='word_1_359' title='bbox 1727 627 1796 665; x_wconf 39' lang='lat' dir='ltr'>est,</span> 
     </span>
     <span class='ocr_line' id='line_1_69' title="bbox 1015 667 1797 715; baseline -0.006 -10"><span class='ocrx_word' id='word_1_360' title='bbox 1015 671 1080 705; x_wconf 63' lang='lat' dir='ltr'>seit</span> <span class='ocrx_word' id='word_1_361' title='bbox 1112 668 1218 715; x_wconf 84' lang='lat' dir='ltr'>quasi</span> <span class='ocrx_word' id='word_1_362' title='bbox 1251 667 1315 714; x_wconf 81' lang='lat' dir='ltr'>qui</span> <span class='ocrx_word' id='word_1_363' title='bbox 1353 668 1588 703; x_wconf 84' lang='lat' dir='ltr'>facinorosus</span> <span class='ocrx_word' id='word_1_364' title='bbox 1621 667 1797 703; x_wconf 58' lang='lat' dir='ltr'>inventiiz</span> 
     </span>
     <span class='ocr_line' id='line_1_70' title="bbox 1016 715 1796 758; baseline -0.003 -5"><span class='ocrx_word' id='word_1_365' title='bbox 1016 716 1076 753; x_wconf 82' lang='lat' dir='ltr'>sit.</span> <span class='ocrx_word' id='word_1_366' title='bbox 1110 731 1127 750; x_wconf 72' lang='grc' dir='ltr'><strong>υ</strong></span> <span class='ocrx_word' id='word_1_367' title='bbox 1159 716 1263 752; x_wconf 84' lang='lat' dir='ltr'>Unde</span> <span class='ocrx_word' id='word_1_368' title='bbox 1296 718 1332 751; x_wconf 86' lang='lat' dir='ltr'>et</span> <span class='ocrx_word' id='word_1_369' title='bbox 1352 715 1571 750; x_wconf 68' lang='lat' dir='ltr'>Ambrosius</span> <span class='ocrx_word' id='word_1_370' title='bbox 1595 727 1605 749; x_wconf 93' lang='lat'>.·</span> <span class='ocrx_word' id='word_1_371' title='bbox 1632 729 1649 747; x_wconf 87' lang='lat'>«</span> <span class='ocrx_word' id='word_1_372' title='bbox 1677 715 1796 758; x_wconf 68' lang='lat' dir='ltr'>Quazu</span> 
     </span>
     <span class='ocr_line' id='line_1_71' title="bbox 1015 760 1798 807; baseline -0.006 -7"><span class='ocrx_word' id='word_1_373' title='bbox 1015 763 1258 800; x_wconf 78' lang='lat' dir='ltr'>exsecrabilis</span> <span class='ocrx_word' id='word_1_374' title='bbox 1276 762 1313 798; x_wconf 91' lang='lat' dir='ltr'>in</span> <span class='ocrx_word' id='word_1_375' title='bbox 1333 762 1429 798; x_wconf 83' lang='lat' dir='ltr'>facto</span> <span class='ocrx_word' id='word_1_376' title='bbox 1452 760 1633 807; x_wconf 84' lang='lat' dir='ltr'>iniquitas</span> <span class='ocrx_word' id='word_1_377' title='bbox 1650 762 1798 797; x_wconf 60' lang='lat' dir='ltr'>Judaw-</span> 
     </span>
     <span class='ocr_line' id='line_1_72' title="bbox 1015 808 1797 856; baseline -0.004 -9"><span class='ocrx_word' id='word_1_378' title='bbox 1015 821 1115 855; x_wconf 87' lang='lat' dir='ltr'>rum,</span> <span class='ocrx_word' id='word_1_379' title='bbox 1139 815 1176 847; x_wconf 91' lang='lat' dir='ltr'>ut</span> <span class='ocrx_word' id='word_1_380' title='bbox 1195 812 1301 856; x_wconf 75' lang='lat' dir='ltr'>quasi</span> <span class='ocrx_word' id='word_1_381' title='bbox 1323 810 1508 845; x_wconf 89' lang='lat' dir='ltr'>latronem</span> <span class='ocrx_word' id='word_1_382' title='bbox 1531 808 1797 855; x_wconf 76' lang='lat' dir='ltr'>crucifigerent</span> 
     </span>
     <span class='ocr_line' id='line_1_73' title="bbox 1016 855 1797 904; baseline -0.003 -9"><span class='ocrx_word' id='word_1_383' title='bbox 1016 859 1183 895; x_wconf 87' lang='lat' dir='ltr'>omnium</span> <span class='ocrx_word' id='word_1_384' title='bbox 1200 858 1492 904; x_wconf 75' lang='lat' dir='ltr'>ltedeinptorem</span> <span class='ocrx_word' id='word_1_385' title='bbox 1507 855 1514 892; x_wconf 84' lang='lat' dir='ltr'>l</span> <span class='ocrx_word' id='word_1_386' title='bbox 1532 857 1614 902; x_wconf 85' lang='lat' dir='ltr'>Ipse</span> <span class='ocrx_word' id='word_1_387' title='bbox 1628 867 1715 892; x_wconf 75' lang='lat' dir='ltr'>vcro</span> <span class='ocrx_word' id='word_1_388' title='bbox 1727 857 1797 893; x_wconf 69' lang='lat' dir='ltr'>hoe</span> 
     </span>
     <span class='ocr_line' id='line_1_74' title="bbox 1017 904 1796 951; baseline -0.005 -9"><span class='ocrx_word' id='word_1_389' title='bbox 1017 905 1199 951; x_wconf 77' lang='lat' dir='ltr'>permisit,</span> <span class='ocrx_word' id='word_1_390' title='bbox 1243 909 1280 941; x_wconf 51' lang='lat' dir='ltr'>et.</span> <span class='ocrx_word' id='word_1_391' title='bbox 1312 915 1397 940; x_wconf 84' lang='lat' dir='ltr'>cum</span> <span class='ocrx_word' id='word_1_392' title='bbox 1434 904 1692 949; x_wconf 85' lang='lat' dir='ltr'>peccatoribus</span> <span class='ocrx_word' id='word_1_393' title='bbox 1732 914 1796 939; x_wconf 79' lang='lat' dir='ltr'>vo-</span> 
     </span>
     <span class='ocr_line' id='line_1_75' title="bbox 1017 950 1796 998; baseline -0.005 -8"><span class='ocrx_word' id='word_1_394' title='bbox 1017 954 1087 990; x_wconf 90' lang='lat' dir='ltr'>luit</span> <span class='ocrx_word' id='word_1_395' title='bbox 1124 952 1310 998; x_wconf 84' lang='lat' dir='ltr'>crucifigi,</span> <span class='ocrx_word' id='word_1_396' title='bbox 1333 956 1373 988; x_wconf 88' lang='lat' dir='ltr'>ut</span> <span class='ocrx_word' id='word_1_397' title='bbox 1410 950 1631 988; x_wconf 82' lang='lat' dir='ltr'>ostenderet</span> <span class='ocrx_word' id='word_1_398' title='bbox 1663 961 1703 987; x_wconf 89' lang='lat' dir='ltr'>se</span> <span class='ocrx_word' id='word_1_399' title='bbox 1730 962 1796 998; x_wconf 90' lang='lat' dir='ltr'>pro</span> 
     </span>
     <span class='ocr_line' id='line_1_76' title="bbox 1015 997 1798 1054; baseline -0.004 -17"><span class='ocrx_word' id='word_1_400' title='bbox 1015 1000 1278 1054; x_wconf 80' lang='lat' dir='ltr'>peecatoribus</span> <span class='ocrx_word' id='word_1_401' title='bbox 1305 999 1381 1046; x_wconf 88' lang='lat' dir='ltr'>pati</span> <span class='ocrx_word' id='word_1_402' title='bbox 1407 1001 1443 1034; x_wconf 86' lang='lat' dir='ltr'>et</span> <span class='ocrx_word' id='word_1_403' title='bbox 1464 997 1586 1043; x_wconf 90' lang='lat' dir='ltr'>mori;</span> <span class='ocrx_word' id='word_1_404' title='bbox 1610 1001 1646 1035; x_wconf 92' lang='lat' dir='ltr'>et</span> <span class='ocrx_word' id='word_1_405' title='bbox 1667 1001 1709 1034; x_wconf 88' lang='lat' dir='ltr'>ut</span> <span class='ocrx_word' id='word_1_406' title='bbox 1735 999 1798 1035; x_wconf 82' lang='lat' dir='ltr'>ad-</span> 
     </span>
     <span class='ocr_line' id='line_1_77' title="bbox 1015 1045 1796 1095; baseline -0.004 -11"><span class='ocrx_word' id='word_1_407' title='bbox 1015 1048 1236 1095; x_wconf 87' lang='lat' dir='ltr'>1mpleretur</span> <span class='ocrx_word' id='word_1_408' title='bbox 1261 1046 1453 1093; x_wconf 86' lang='lat' dir='ltr'>Scriptura</span> <span class='ocrx_word' id='word_1_409' title='bbox 1475 1046 1593 1087; x_wconf 77' lang='lat' dir='ltr'>Isaiae,</span> <span class='ocrx_word' id='word_1_410' title='bbox 1621 1056 1705 1092; x_wconf 81' lang='lat' dir='ltr'>quae</span> <span class='ocrx_word' id='word_1_411' title='bbox 1733 1045 1796 1082; x_wconf 80' lang='lat' dir='ltr'>(liu</span> 
     </span>
     <span class='ocr_line' id='line_1_78' title="bbox 1015 1094 1796 1143; baseline -0.005 -11"><span class='ocrx_word' id='word_1_412' title='bbox 1015 1100 1104 1143; x_wconf 73' lang='lat' dir='ltr'>apte</span> <span class='ocrx_word' id='word_1_413' title='bbox 1131 1095 1277 1131; x_wconf 85' lang='lat' dir='ltr'>dixerat</span> <span class='ocrx_word' id='word_1_414' title='bbox 1302 1105 1310 1130; x_wconf 93' lang='lat'>:</span> <span class='ocrx_word' id='word_1_415' title='bbox 1343 1095 1391 1130; x_wconf 78' lang='lat' dir='ltr'>Et</span> <span class='ocrx_word' id='word_1_416' title='bbox 1414 1104 1494 1129; x_wconf 83' lang='lat' dir='ltr'>cum</span> <span class='ocrx_word' id='word_1_417' title='bbox 1528 1094 1714 1129; x_wconf 73' lang='lat' dir='ltr'>sceleratis</span> <span class='ocrx_word' id='word_1_418' title='bbox 1739 1104 1796 1129; x_wconf 73' lang='lat' dir='ltr'>re-</span> 
     </span>
     <span class='ocr_line' id='line_1_79' title="bbox 1013 1139 1796 1189; baseline -0.005 -10"><span class='ocrx_word' id='word_1_419' title='bbox 1013 1146 1165 1189; x_wconf 78' lang='lat' dir='ltr'>putatus</span> <span class='ocrx_word' id='word_1_420' title='bbox 1203 1145 1268 1178; x_wconf 81' lang='lat' dir='ltr'>est.</span> <span class='ocrx_word' id='word_1_421' title='bbox 1312 1141 1405 1177; x_wconf 89' lang='lat' dir='ltr'>Cum</span> <span class='ocrx_word' id='word_1_422' title='bbox 1430 1139 1573 1187; x_wconf 86' lang='lat' dir='ltr'>iniquis</span> <span class='ocrx_word' id='word_1_423' title='bbox 1611 1150 1701 1186; x_wconf 86' lang='lat' dir='ltr'>ergo</span> <span class='ocrx_word' id='word_1_424' title='bbox 1729 1150 1796 1176; x_wconf 75' lang='lat' dir='ltr'>rr—</span> 
     </span>
     <span class='ocr_line' id='line_1_80' title="bbox 1017 1186 1795 1235; baseline -0.005 -8"><span class='ocrx_word' id='word_1_425' title='bbox 1017 1193 1167 1235; x_wconf 88' lang='lat' dir='ltr'>putatus</span> <span class='ocrx_word' id='word_1_426' title='bbox 1184 1192 1240 1226; x_wconf 87' lang='lat' dir='ltr'>est</span> <span class='ocrx_word' id='word_1_427' title='bbox 1262 1188 1299 1224; x_wconf 92' lang='lat' dir='ltr'>in</span> <span class='ocrx_word' id='word_1_428' title='bbox 1321 1192 1457 1233; x_wconf 88' lang='lat' dir='ltr'>morte,</span> <span class='ocrx_word' id='word_1_429' title='bbox 1473 1191 1513 1225; x_wconf 90' lang='lat' dir='ltr'>ut</span> <span class='ocrx_word' id='word_1_430' title='bbox 1532 1186 1685 1234; x_wconf 77' lang='lat' dir='ltr'>ianuos</span> <span class='ocrx_word' id='word_1_431' title='bbox 1707 1186 1795 1223; x_wconf 70' lang='lat' dir='ltr'>vixi-</span> 
     </span>
     <span class='ocr_line' id='line_1_81' title="bbox 1012 1235 1796 1275; baseline -0.004 -1"><span class='ocrx_word' id='word_1_432' title='bbox 1012 1238 1100 1275; x_wconf 87' lang='lat' dir='ltr'>ficet</span> <span class='ocrx_word' id='word_1_433' title='bbox 1115 1237 1154 1274; x_wconf 90' lang='lat' dir='ltr'>in</span> <span class='ocrx_word' id='word_1_434' title='bbox 1176 1235 1456 1274; x_wconf 89' lang='lat' dir='ltr'>resurrectione</span> <span class='ocrx_word' id='word_1_435' title='bbox 1474 1246 1482 1272; x_wconf 92' lang='lat'>:</span> <span class='ocrx_word' id='word_1_436' title='bbox 1501 1249 1518 1270; x_wconf 86' lang='lat'>»</span> <span class='ocrx_word' id='word_1_437' title='bbox 1541 1236 1622 1272; x_wconf 83' lang='lat' dir='ltr'>haee</span> <span class='ocrx_word' id='word_1_438' title='bbox 1642 1235 1796 1271; x_wconf 74' lang='lat' dir='ltr'>Ambro-</span> 
     </span>
     <span class='ocr_line' id='line_1_82' title="bbox 1012 1282 1796 1330; baseline -0.005 -8"><span class='ocrx_word' id='word_1_439' title='bbox 1012 1287 1103 1322; x_wconf 71' lang='lat' dir='ltr'>sius.</span> <span class='ocrx_word' id='word_1_440' title='bbox 1151 1285 1296 1321; x_wconf 87' lang='lat' dir='ltr'>Pendet</span> <span class='ocrx_word' id='word_1_441' title='bbox 1331 1294 1422 1330; x_wconf 82' lang='lat' dir='ltr'>ergo</span> <span class='ocrx_word' id='word_1_442' title='bbox 1474 1284 1656 1320; x_wconf 86' lang='lat' dir='ltr'>Dominus</span> <span class='ocrx_word' id='word_1_443' title='bbox 1696 1282 1796 1318; x_wconf 76' lang='lat' dir='ltr'>inici·</span> 
     </span>
     <span class='ocr_line' id='line_1_83' title="bbox 1013 1330 1796 1377; baseline -0.004 -8"><span class='ocrx_word' id='word_1_444' title='bbox 1013 1334 1108 1369; x_wconf 88' lang='lat' dir='ltr'>duos</span> <span class='ocrx_word' id='word_1_445' title='bbox 1130 1332 1314 1377; x_wconf 86' lang='lat' dir='ltr'>latrones,</span> <span class='ocrx_word' id='word_1_446' title='bbox 1327 1330 1437 1377; x_wconf 74' lang='lat' dir='ltr'>quasi</span> <span class='ocrx_word' id='word_1_447' title='bbox 1457 1330 1529 1367; x_wconf 86' lang='lat' dir='ltr'>dux</span> <span class='ocrx_word' id='word_1_448' title='bbox 1550 1334 1587 1367; x_wconf 93' lang='lat' dir='ltr'>et</span> <span class='ocrx_word' id='word_1_449' title='bbox 1611 1330 1796 1376; x_wconf 85' lang='lat' dir='ltr'>magister</span> 
     </span>
     <span class='ocr_line' id='line_1_84' title="bbox 1012 1378 1794 1417; baseline -0.006 -1"><span class='ocrx_word' id='word_1_450' title='bbox 1012 1379 1213 1417; x_wconf 84' lang='lat' dir='ltr'>criminum</span> <span class='ocrx_word' id='word_1_451' title='bbox 1248 1379 1287 1415; x_wconf 93' lang='lat' dir='ltr'>in</span> <span class='ocrx_word' id='word_1_452' title='bbox 1312 1378 1436 1415; x_wconf 86' lang='lat' dir='ltr'>medio</span> <span class='ocrx_word' id='word_1_453' title='bbox 1466 1378 1624 1414; x_wconf 71' lang='lat' dir='ltr'>locatus.</span> <span class='ocrx_word' id='word_1_454' title='bbox 1653 1380 1695 1414; x_wconf 92' lang='lat' dir='ltr'>ln</span> <span class='ocrx_word' id='word_1_455' title='bbox 1724 1378 1794 1413; x_wconf 60' lang='lat' dir='ltr'>hol:</span> 
     </span>
     <span class='ocr_line' id='line_1_85' title="bbox 1012 1424 1796 1474; baseline -0.004 -10"><span class='ocrx_word' id='word_1_456' title='bbox 1012 1434 1139 1464; x_wconf 91' lang='lat' dir='ltr'>autem</span> <span class='ocrx_word' id='word_1_457' title='bbox 1162 1424 1381 1474; x_wconf 55' lang='lat' dir='ltr'>mysterium</span> <span class='ocrx_word' id='word_1_458' title='bbox 1403 1425 1529 1462; x_wconf 88' lang='lat' dir='ltr'>finalis</span> <span class='ocrx_word' id='word_1_459' title='bbox 1544 1424 1677 1471; x_wconf 85' lang='lat' dir='ltr'>judicii</span> <span class='ocrx_word' id='word_1_460' title='bbox 1697 1425 1796 1461; x_wconf 89' lang='lat' dir='ltr'>desi-</span> 
     </span>
     <span class='ocr_line' id='line_1_86' title="bbox 1011 1472 1793 1522; baseline -0.004 -11"><span class='ocrx_word' id='word_1_461' title='bbox 1011 1480 1163 1522; x_wconf 79' lang='lat' dir='ltr'>gnatur,</span> <span class='ocrx_word' id='word_1_462' title='bbox 1186 1474 1337 1521; x_wconf 82' lang='lat' dir='ltr'>quando</span> <span class='ocrx_word' id='word_1_463' title='bbox 1365 1473 1493 1509; x_wconf 86' lang='lat' dir='ltr'>veniet</span> <span class='ocrx_word' id='word_1_464' title='bbox 1520 1473 1636 1509; x_wconf 86' lang='lat' dir='ltr'>Filius</span> <span class='ocrx_word' id='word_1_465' title='bbox 1662 1472 1793 1509; x_wconf 90' lang='lat' dir='ltr'>homi-</span> 
     </span>
     <span class='ocr_line' id='line_1_87' title="bbox 1013 1519 1791 1568; baseline -0.004 -9"><span class='ocrx_word' id='word_1_466' title='bbox 1013 1522 1086 1567; x_wconf 88' lang='lat' dir='ltr'>nis,</span> <span class='ocrx_word' id='word_1_467' title='bbox 1108 1526 1144 1559; x_wconf 89' lang='lat' dir='ltr'>et</span> <span class='ocrx_word' id='word_1_468' title='bbox 1161 1520 1392 1568; x_wconf 78' lang='lat' dir='ltr'>judicandos</span> <span class='ocrx_word' id='word_1_469' title='bbox 1419 1523 1560 1557; x_wconf 88' lang='lat' dir='ltr'>statuet</span> <span class='ocrx_word' id='word_1_470' title='bbox 1581 1532 1589 1556; x_wconf 75' lang='grc' dir='ltr'>ε</span> <span class='ocrx_word' id='word_1_471' title='bbox 1616 1520 1699 1564; x_wconf 88' lang='lat' dir='ltr'>hos,</span> <span class='ocrx_word' id='word_1_472' title='bbox 1717 1519 1791 1556; x_wconf 84' lang='lat' dir='ltr'>sci-</span> 
     </span>
     <span class='ocr_line' id='line_1_88' title="bbox 1012 1567 1790 1616; baseline -0.004 -10"><span class='ocrx_word' id='word_1_473' title='bbox 1012 1569 1099 1606; x_wconf 89' lang='lat' dir='ltr'>licet</span> <span class='ocrx_word' id='word_1_474' title='bbox 1119 1580 1252 1616; x_wconf 82' lang='lat' dir='ltr'>agnos,</span> <span class='ocrx_word' id='word_1_475' title='bbox 1274 1579 1296 1605; x_wconf 87' lang='lat' dir='ltr'>a</span> <span class='ocrx_word' id='word_1_476' title='bbox 1316 1568 1480 1612; x_wconf 87' lang='lat' dir='ltr'>dext1·is;</span> <span class='ocrx_word' id='word_1_477' title='bbox 1503 1568 1541 1604; x_wconf 78' lang='lat' dir='ltr'>et</span> <span class='ocrx_word' id='word_1_478' title='bbox 1561 1568 1671 1611; x_wconf 89' lang='lat' dir='ltr'>alios,</span> <span class='ocrx_word' id='word_1_479' title='bbox 1687 1567 1790 1604; x_wconf 87' lang='lat' dir='ltr'>scili-</span> 
     </span>
     <span class='ocr_line' id='line_1_89' title="bbox 1011 1615 1792 1661; baseline -0.004 -8"><span class='ocrx_word' id='word_1_480' title='bbox 1011 1622 1070 1653; x_wconf 89' lang='lat' dir='ltr'>cet</span> <span class='ocrx_word' id='word_1_481' title='bbox 1090 1617 1238 1661; x_wconf 76' lang='lat' dir='ltr'>hoedos,</span> <span class='ocrx_word' id='word_1_482' title='bbox 1255 1627 1277 1652; x_wconf 91' lang='lat' dir='ltr'>a</span> <span class='ocrx_word' id='word_1_483' title='bbox 1293 1615 1472 1651; x_wconf 87' lang='lat' dir='ltr'>sinistris.</span> <span class='ocrx_word' id='word_1_484' title='bbox 1486 1615 1593 1652; x_wconf 88' lang='lat' dir='ltr'>Unde</span> <span class='ocrx_word' id='word_1_485' title='bbox 1613 1617 1792 1660; x_wconf 74' lang='lat' dir='ltr'>Hierony-</span> 
     </span>
     <span class='ocr_line' id='line_1_90' title="bbox 1009 1663 1791 1709; baseline -0.003 -9"><span class='ocrx_word' id='word_1_486' title='bbox 1009 1675 1089 1700; x_wconf 79' lang='lat' dir='ltr'>mus</span> <span class='ocrx_word' id='word_1_487' title='bbox 1108 1677 1118 1700; x_wconf 85' lang='grc'>.-</span> <span class='ocrx_word' id='word_1_488' title='bbox 1137 1678 1155 1699; x_wconf 89' lang='lat'>«</span> <span class='ocrx_word' id='word_1_489' title='bbox 1174 1665 1266 1701; x_wconf 89' lang='lat' dir='ltr'>Cum</span> <span class='ocrx_word' id='word_1_490' title='bbox 1282 1663 1422 1708; x_wconf 79' lang='lat' dir='ltr'>iniquis</span> <span class='ocrx_word' id='word_1_491' title='bbox 1438 1663 1586 1699; x_wconf 80' lang='lat' dir='ltr'>Veritas</span> <span class='ocrx_word' id='word_1_492' title='bbox 1596 1663 1791 1709; x_wconf 87' lang='lat' dir='ltr'>deputata,</span> 
     </span>
     <span class='ocr_line' id='line_1_91' title="bbox 1009 1709 1794 1757; baseline -0.004 -9"><span class='ocrx_word' id='word_1_493' title='bbox 1009 1723 1125 1748; x_wconf 90' lang='lat' dir='ltr'>unum</span> <span class='ocrx_word' id='word_1_494' title='bbox 1146 1710 1300 1757; x_wconf 86' lang='lat' dir='ltr'>reliquit</span> <span class='ocrx_word' id='word_1_495' title='bbox 1322 1709 1538 1754; x_wconf 87' lang='lat' dir='ltr'>sinistrum,</span> <span class='ocrx_word' id='word_1_496' title='bbox 1555 1710 1718 1746; x_wconf 90' lang='lat' dir='ltr'>alterum</span> <span class='ocrx_word' id='word_1_497' title='bbox 1736 1721 1794 1746; x_wconf 82' lang='lat' dir='ltr'>as·</span> 
     </span>
     <span class='ocr_line' id='line_1_92' title="bbox 1010 1757 1792 1804; baseline -0.003 -9"><span class='ocrx_word' id='word_1_498' title='bbox 1010 1758 1168 1804; x_wconf 84' lang='lat' dir='ltr'>sumpsit</span> <span class='ocrx_word' id='word_1_499' title='bbox 1188 1758 1376 1801; x_wconf 86' lang='lat' dir='ltr'>dextrum,</span> <span class='ocrx_word' id='word_1_500' title='bbox 1401 1757 1498 1794; x_wconf 89' lang='lat' dir='ltr'>sicut</span> <span class='ocrx_word' id='word_1_501' title='bbox 1524 1759 1563 1793; x_wconf 90' lang='lat' dir='ltr'>in</span> <span class='ocrx_word' id='word_1_502' title='bbox 1582 1757 1642 1794; x_wconf 82' lang='lat' dir='ltr'>die</span> <span class='ocrx_word' id='word_1_503' title='bbox 1660 1757 1792 1804; x_wconf 85' lang='lat' dir='ltr'>judicii</span> 
     </span>
     <span class='ocr_line' id='line_1_93' title="bbox 1008 1805 1793 1851; baseline -0.003 -9"><span class='ocrx_word' id='word_1_504' title='bbox 1008 1806 1134 1843; x_wconf 88' lang='lat' dir='ltr'>faciet.</span> <span class='ocrx_word' id='word_1_505' title='bbox 1154 1805 1347 1844; x_wconf 82' lang='lat' dir='ltr'>Confessio</span> <span class='ocrx_word' id='word_1_506' title='bbox 1370 1806 1496 1842; x_wconf 88' lang='lat' dir='ltr'>brevis</span> <span class='ocrx_word' id='word_1_507' title='bbox 1516 1805 1633 1842; x_wconf 63' lang='lat' dir='ltr'>vitam</span> <span class='ocrx_word' id='word_1_508' title='bbox 1662 1805 1793 1851; x_wconf 87' lang='lat' dir='ltr'>acqui-</span> 
     </span>
     <span class='ocr_line' id='line_1_94' title="bbox 1009 1851 1794 1901; baseline -0.004 -10"><span class='ocrx_word' id='word_1_509' title='bbox 1009 1854 1095 1891; x_wconf 83' lang='lat' dir='ltr'>sivit</span> <span class='ocrx_word' id='word_1_510' title='bbox 1126 1855 1294 1901; x_wconf 62' lang='lat' dir='ltr'>longam,</span> <span class='ocrx_word' id='word_1_511' title='bbox 1333 1856 1372 1890; x_wconf 91' lang='lat' dir='ltr'>et</span> <span class='ocrx_word' id='word_1_512' title='bbox 1405 1852 1646 1900; x_wconf 87' lang='lat' dir='ltr'>blasphemia</span> <span class='ocrx_word' id='word_1_513' title='bbox 1685 1851 1794 1889; x_wconf 84' lang='lat' dir='ltr'>finita</span> 
     </span>
     <span class='ocr_line' id='line_1_95' title="bbox 1007 1901 1794 1950; baseline -0.004 -11"><span class='ocrx_word' id='word_1_514' title='bbox 1007 1912 1122 1949; x_wconf 83' lang='lat' dir='ltr'>poena</span> <span class='ocrx_word' id='word_1_515' title='bbox 1159 1901 1338 1950; x_wconf 79' lang='lat' dir='ltr'>plectitur</span> <span class='ocrx_word' id='word_1_516' title='bbox 1377 1903 1534 1937; x_wconf 84' lang='lat' dir='ltr'>aeterna.</span> <span class='ocrx_word' id='word_1_517' title='bbox 1571 1914 1589 1935; x_wconf 87' lang='lat'>»</span> <span class='ocrx_word' id='word_1_518' title='bbox 1618 1901 1724 1937; x_wconf 86' lang='lat' dir='ltr'>Unde</span> <span class='ocrx_word' id='word_1_519' title='bbox 1756 1903 1794 1937; x_wconf 91' lang='lat' dir='ltr'>et</span> 
     </span>
     <span class='ocr_line' id='line_1_96' title="bbox 1007 1947 1791 1995; baseline -0.003 -9"><span class='ocrx_word' id='word_1_520' title='bbox 1007 1951 1242 1995; x_wconf 68' lang='lat' dir='ltr'>Auqustinus</span> <span class='ocrx_word' id='word_1_521' title='bbox 1273 1961 1283 1985; x_wconf 91' lang='lat'>:</span> <span class='ocrx_word' id='word_1_522' title='bbox 1323 1961 1341 1983; x_wconf 94' lang='lat'>«</span> <span class='ocrx_word' id='word_1_523' title='bbox 1365 1949 1452 1995; x_wconf 92' lang='lat' dir='ltr'>Ipsa</span> <span class='ocrx_word' id='word_1_524' title='bbox 1482 1959 1586 1993; x_wconf 81' lang='lat' dir='ltr'>crux,</span> <span class='ocrx_word' id='word_1_525' title='bbox 1609 1947 1640 1984; x_wconf 91' lang='lat' dir='ltr'>si</span> <span class='ocrx_word' id='word_1_526' title='bbox 1666 1949 1791 1984; x_wconf 89' lang='lat' dir='ltr'>atten-</span> 
     </span>
     <span class='ocr_line' id='line_1_97' title="bbox 1008 1995 1789 2041; baseline -0.004 -7"><span class='ocrx_word' id='word_1_527' title='bbox 1008 1998 1090 2041; x_wconf 77' lang='lat' dir='ltr'>das,</span> <span class='ocrx_word' id='word_1_528' title='bbox 1123 1996 1291 2034; x_wconf 86' lang='lat' dir='ltr'>tribunal</span> <span class='ocrx_word' id='word_1_529' title='bbox 1331 1996 1413 2033; x_wconf 90' lang='lat' dir='ltr'>fuit.</span> <span class='ocrx_word' id='word_1_530' title='bbox 1453 1997 1495 2032; x_wconf 92' lang='lat' dir='ltr'>In</span> <span class='ocrx_word' id='word_1_531' title='bbox 1523 1995 1649 2032; x_wconf 89' lang='lat' dir='ltr'>medio</span> <span class='ocrx_word' id='word_1_532' title='bbox 1686 1995 1789 2032; x_wconf 89' lang='lat' dir='ltr'>enim</span> 
     </span>
     <span class='ocr_line' id='line_1_98' title="bbox 1005 2043 1790 2090; baseline -0.003 -8"><span class='ocrx_word' id='word_1_533' title='bbox 1005 2045 1140 2082; x_wconf 84' lang='lat' dir='ltr'>Judice</span> <span class='ocrx_word' id='word_1_534' title='bbox 1157 2044 1380 2088; x_wconf 88' lang='lat' dir='ltr'>constituto,</span> <span class='ocrx_word' id='word_1_535' title='bbox 1398 2043 1605 2080; x_wconf 89' lang='lat' dir='ltr'>unuslatro</span> <span class='ocrx_word' id='word_1_536' title='bbox 1627 2044 1689 2090; x_wconf 91' lang='lat' dir='ltr'>qui</span> <span class='ocrx_word' id='word_1_537' title='bbox 1710 2054 1790 2080; x_wconf 87' lang='lat' dir='ltr'>cre-</span> 
     </span>
     <span class='ocr_line' id='line_1_99' title="bbox 1007 2090 1788 2138; baseline -0.004 -9"><span class='ocrx_word' id='word_1_538' title='bbox 1007 2092 1116 2136; x_wconf 81' lang='lat' dir='ltr'>didit,</span> <span class='ocrx_word' id='word_1_539' title='bbox 1144 2091 1328 2129; x_wconf 88' lang='lat' dir='ltr'>liberatus</span> <span class='ocrx_word' id='word_1_540' title='bbox 1355 2096 1436 2136; x_wconf 91' lang='lat' dir='ltr'>est;</span> <span class='ocrx_word' id='word_1_541' title='bbox 1477 2092 1540 2138; x_wconf 91' lang='lat' dir='ltr'>qui</span> <span class='ocrx_word' id='word_1_542' title='bbox 1577 2090 1788 2134; x_wconf 88' lang='lat' dir='ltr'>insultavit,</span> 
     </span>
     <span class='ocr_line' id='line_1_100' title="bbox 1007 2138 1789 2185; baseline -0.003 -9"><span class='ocrx_word' id='word_1_543' title='bbox 1007 2141 1208 2177; x_wconf 85' lang='lat' dir='ltr'>damnatus</span> <span class='ocrx_word' id='word_1_544' title='bbox 1228 2143 1295 2176; x_wconf 88' lang='lat' dir='ltr'>est.</span> <span class='ocrx_word' id='word_1_545' title='bbox 1323 2140 1406 2176; x_wconf 85' lang='lat' dir='ltr'>Jam</span> <span class='ocrx_word' id='word_1_546' title='bbox 1426 2138 1682 2185; x_wconf 84' lang='lat' dir='ltr'>significabat,</span> <span class='ocrx_word' id='word_1_547' title='bbox 1698 2138 1789 2180; x_wconf 76' lang='lat' dir='ltr'>Quid</span> 
     </span>
     <span class='ocr_line' id='line_1_101' title="bbox 1006 2185 1788 2224; baseline -0.003 0"><span class='ocrx_word' id='word_1_548' title='bbox 1006 2188 1175 2224; x_wconf 86' lang='lat' dir='ltr'>facturus</span> <span class='ocrx_word' id='word_1_549' title='bbox 1192 2191 1248 2224; x_wconf 85' lang='lat' dir='ltr'>est</span> <span class='ocrx_word' id='word_1_550' title='bbox 1265 2187 1312 2223; x_wconf 91' lang='lat' dir='ltr'>de</span> <span class='ocrx_word' id='word_1_551' title='bbox 1328 2186 1423 2223; x_wconf 79' lang='lat' dir='ltr'>vivis</span> <span class='ocrx_word' id='word_1_552' title='bbox 1443 2192 1480 2223; x_wconf 89' lang='lat' dir='ltr'>et</span> <span class='ocrx_word' id='word_1_553' title='bbox 1494 2185 1672 2223; x_wconf 90' lang='lat' dir='ltr'>mortuis:</span> <span class='ocrx_word' id='word_1_554' title='bbox 1693 2187 1788 2222; x_wconf 90' lang='lat' dir='ltr'>alios</span> 
     </span>
     <span class='ocr_line' id='line_1_102' title="bbox 1008 2233 1788 2282; baseline 0 -13"><span class='ocrx_word' id='word_1_555' title='bbox 1008 2235 1201 2282; x_wconf 87' lang='lat' dir='ltr'>positurus</span> <span class='ocrx_word' id='word_1_556' title='bbox 1221 2240 1280 2271; x_wconf 88' lang='lat' dir='ltr'>est</span> <span class='ocrx_word' id='word_1_557' title='bbox 1305 2235 1352 2270; x_wconf 90' lang='lat' dir='ltr'>ad</span> <span class='ocrx_word' id='word_1_558' title='bbox 1386 2234 1604 2278; x_wconf 81' lang='lat' dir='ltr'>dexteram3</span> <span class='ocrx_word' id='word_1_559' title='bbox 1624 2234 1718 2270; x_wconf 84' lang='lat' dir='ltr'>alios</span> <span class='ocrx_word' id='word_1_560' title='bbox 1739 2233 1788 2270; x_wconf 83' lang='lat' dir='ltr'>ad</span> 
     </span>
     <span class='ocr_line' id='line_1_103' title="bbox 1007 2280 1788 2328; baseline -0.003 -9"><span class='ocrx_word' id='word_1_561' title='bbox 1007 2282 1212 2319; x_wconf 89' lang='lat' dir='ltr'>sinistram.</span> <span class='ocrx_word' id='word_1_562' title='bbox 1247 2281 1511 2326; x_wconf 84' lang='lat' dir='ltr'>Judicabatur,</span> <span class='ocrx_word' id='word_1_563' title='bbox 1537 2287 1574 2318; x_wconf 89' lang='lat' dir='ltr'>et</span> <span class='ocrx_word' id='word_1_564' title='bbox 1599 2280 1788 2328; x_wconf 86' lang='lat' dir='ltr'>judicium</span> 
     </span>
     <span class='ocr_line' id='line_1_104' title="bbox 1006 2329 1787 2376; baseline -0.004 -9"><span class='ocrx_word' id='word_1_565' title='bbox 1006 2330 1226 2367; x_wconf 85' lang='lat' dir='ltr'>minabatur</span> <span class='ocrx_word' id='word_1_566' title='bbox 1248 2341 1256 2366; x_wconf 93' lang='lat'>:</span> <span class='ocrx_word' id='word_1_567' title='bbox 1281 2343 1298 2364; x_wconf 87' lang='lat'>»</span> <span class='ocrx_word' id='word_1_568' title='bbox 1312 2330 1394 2365; x_wconf 86' lang='lat' dir='ltr'>haee</span> <span class='ocrx_word' id='word_1_569' title='bbox 1406 2329 1655 2376; x_wconf 74' lang='lat' dir='ltr'>Auyustinus.</span> <span class='ocrx_word' id='word_1_570' title='bbox 1676 2349 1720 2355; x_wconf 89' lang='lat'>—-</span> <span class='ocrx_word' id='word_1_571' title='bbox 1736 2330 1787 2364; x_wconf 82' lang='lat' dir='ltr'>Ex</span> 
     </span>
     <span class='ocr_line' id='line_1_105' title="bbox 1005 2376 1787 2414; baseline -0.003 0"><span class='ocrx_word' id='word_1_572' title='bbox 1005 2379 1077 2414; x_wconf 83' lang='lat' dir='ltr'>hoe</span> <span class='ocrx_word' id='word_1_573' title='bbox 1110 2377 1270 2414; x_wconf 87' lang='lat' dir='ltr'>articulo</span> <span class='ocrx_word' id='word_1_574' title='bbox 1303 2376 1564 2413; x_wconf 85' lang='lat' dir='ltr'>crucifixionis</span> <span class='ocrx_word' id='word_1_575' title='bbox 1591 2377 1787 2413; x_wconf 86' lang='lat' dir='ltr'>latronum</span> 
     </span>
     <span class='ocr_line' id='line_1_106' title="bbox 1007 2424 1786 2467; baseline -0.004 -5"><span class='ocrx_word' id='word_1_576' title='bbox 1007 2436 1089 2462; x_wconf 87' lang='lat' dir='ltr'>cum</span> <span class='ocrx_word' id='word_1_577' title='bbox 1119 2425 1270 2461; x_wconf 89' lang='lat' dir='ltr'>Christo</span> <span class='ocrx_word' id='word_1_578' title='bbox 1305 2425 1472 2461; x_wconf 86' lang='lat' dir='ltr'>trahitur</span> <span class='ocrx_word' id='word_1_579' title='bbox 1498 2424 1786 2467; x_wconf 87' lang='lat' dir='ltr'>documentum,</span> 
     </span>
     <span class='ocr_line' id='line_1_107' title="bbox 1006 2471 1786 2519; baseline -0.003 -10"><span class='ocrx_word' id='word_1_580' title='bbox 1006 2473 1106 2519; x_wconf 85' lang='lat' dir='ltr'>quod</span> <span class='ocrx_word' id='word_1_581' title='bbox 1143 2475 1181 2509; x_wconf 89' lang='lat' dir='ltr'>et</span> <span class='ocrx_word' id='word_1_582' title='bbox 1220 2483 1288 2509; x_wconf 89' lang='lat' dir='ltr'>nos</span> <span class='ocrx_word' id='word_1_583' title='bbox 1322 2482 1406 2508; x_wconf 91' lang='lat' dir='ltr'>cum</span> <span class='ocrx_word' id='word_1_584' title='bbox 1439 2471 1587 2509; x_wconf 86' lang='lat' dir='ltr'>Christo</span> <span class='ocrx_word' id='word_1_585' title='bbox 1615 2471 1786 2517; x_wconf 77' lang='lat' dir='ltr'>cruciligi</span> 
     </span>
     <span class='ocr_line' id='line_1_108' title="bbox 1006 2518 1787 2557; baseline -0.001 -1"><span class='ocrx_word' id='word_1_586' title='bbox 1006 2521 1190 2557; x_wconf 84' lang='lat' dir='ltr'>debemus</span> <span class='ocrx_word' id='word_1_587' title='bbox 1227 2519 1266 2556; x_wconf 91' lang='lat' dir='ltr'>in</span> <span class='ocrx_word' id='word_1_588' title='bbox 1301 2518 1427 2556; x_wconf 88' lang='lat' dir='ltr'>medio</span> <span class='ocrx_word' id='word_1_589' title='bbox 1464 2519 1670 2556; x_wconf 86' lang='lat' dir='ltr'>latronum.</span> <span class='ocrx_word' id='word_1_590' title='bbox 1693 2521 1787 2556; x_wconf 82' lang='lat' dir='ltr'>Nam</span> 
     </span>
     <span class='ocr_line' id='line_1_109' title="bbox 1007 2566 1787 2604; baseline -0.001 0"><span class='ocrx_word' id='word_1_591' title='bbox 1007 2568 1106 2604; x_wconf 86' lang='lat' dir='ltr'>sicut</span> <span class='ocrx_word' id='word_1_592' title='bbox 1128 2567 1179 2604; x_wconf 86' lang='lat' dir='ltr'>ihi</span> <span class='ocrx_word' id='word_1_593' title='bbox 1199 2570 1285 2604; x_wconf 89' lang='lat' dir='ltr'>sunt</span> <span class='ocrx_word' id='word_1_594' title='bbox 1308 2571 1386 2604; x_wconf 88' lang='lat' dir='ltr'>tres</span> <span class='ocrx_word' id='word_1_595' title='bbox 1406 2566 1574 2604; x_wconf 81' lang='lat' dir='ltr'>crucifixi</span> <span class='ocrx_word' id='word_1_596' title='bbox 1597 2578 1606 2603; x_wconf 73' lang='grc' dir='ltr'>ε</span> <span class='ocrx_word' id='word_1_597' title='bbox 1629 2567 1702 2603; x_wconf 83' lang='grc' dir='ltr'>(1υο</span> <span class='ocrx_word' id='word_1_598' title='bbox 1724 2566 1787 2603; x_wconf 88' lang='lat' dir='ltr'>la—</span> 
     </span>
     <span class='ocr_line' id='line_1_110' title="bbox 1006 2613 1788 2660; baseline -0.001 -9"><span class='ocrx_word' id='word_1_599' title='bbox 1006 2619 1149 2659; x_wconf 89' lang='lat' dir='ltr'>trones,</span> <span class='ocrx_word' id='word_1_600' title='bbox 1172 2619 1209 2652; x_wconf 92' lang='lat' dir='ltr'>et</span> <span class='ocrx_word' id='word_1_601' title='bbox 1230 2616 1377 2652; x_wconf 81' lang='lat' dir='ltr'>medius</span> <span class='ocrx_word' id='word_1_602' title='bbox 1394 2616 1526 2660; x_wconf 87' lang='lat' dir='ltr'>Jesus;</span> <span class='ocrx_word' id='word_1_603' title='bbox 1546 2616 1597 2651; x_wconf 83' lang='lat' dir='ltr'>sic</span> <span class='ocrx_word' id='word_1_604' title='bbox 1619 2614 1657 2650; x_wconf 88' lang='lat' dir='ltr'>in</span> <span class='ocrx_word' id='word_1_605' title='bbox 1677 2613 1788 2650; x_wconf 69' lang='lat' dir='ltr'>nobis</span> 
     </span>
     <span class='ocr_line' id='line_1_111' title="bbox 1008 2661 1785 2709; baseline -0.005 -10"><span class='ocrx_word' id='word_1_606' title='bbox 1008 2662 1203 2699; x_wconf 80' lang='lat' dir='ltr'>moraliter</span> <span class='ocrx_word' id='word_1_607' title='bbox 1221 2662 1479 2709; x_wconf 74' lang='lat' dir='ltr'>crucifigenda</span> <span class='ocrx_word' id='word_1_608' title='bbox 1497 2666 1584 2699; x_wconf 89' lang='lat' dir='ltr'>sunt</span> <span class='ocrx_word' id='word_1_609' title='bbox 1607 2661 1692 2705; x_wconf 87' lang='lat' dir='ltr'>tria,</span> <span class='ocrx_word' id='word_1_610' title='bbox 1713 2661 1785 2696; x_wconf 81' lang='lat' dir='ltr'>sri-</span> 
     </span>
     <span class='ocr_line' id='line_1_112' title="bbox 1007 2709 1784 2756; baseline -0.003 -10"><span class='ocrx_word' id='word_1_611' title='bbox 1007 2710 1096 2746; x_wconf 77' lang='lat' dir='ltr'>li‹:et</span> <span class='ocrx_word' id='word_1_612' title='bbox 1122 2721 1130 2746; x_wconf 90' lang='lat'>:</span> <span class='ocrx_word' id='word_1_613' title='bbox 1154 2721 1241 2747; x_wconf 85' lang='lat' dir='ltr'>caro</span> <span class='ocrx_word' id='word_1_614' title='bbox 1260 2716 1296 2747; x_wconf 88' lang='lat' dir='ltr'>et</span> <span class='ocrx_word' id='word_1_615' title='bbox 1315 2710 1491 2755; x_wconf 85' lang='lat' dir='ltr'>mundus,</span> <span class='ocrx_word' id='word_1_616' title='bbox 1515 2709 1575 2756; x_wconf 78' lang='lat' dir='ltr'>qui</span> <span class='ocrx_word' id='word_1_617' title='bbox 1599 2720 1666 2756; x_wconf 88' lang='lat' dir='ltr'>per</span> <span class='ocrx_word' id='word_1_618' title='bbox 1690 2709 1784 2744; x_wconf 69' lang='lat' dir='ltr'>«tuos</span> 
     </span>
     <span class='ocr_line' id='line_1_113' title="bbox 1008 2755 1783 2805; baseline -0.005 -11"><span class='ocrx_word' id='word_1_619' title='bbox 1008 2758 1189 2805; x_wconf 73' lang='lat' dir='ltr'>latroncS,</span> <span class='ocrx_word' id='word_1_620' title='bbox 1210 2762 1247 2795; x_wconf 89' lang='lat' dir='ltr'>et</span> <span class='ocrx_word' id='word_1_621' title='bbox 1275 2758 1431 2805; x_wconf 88' lang='lat' dir='ltr'>spiritus</span> <span class='ocrx_word' id='word_1_622' title='bbox 1454 2761 1595 2802; x_wconf 84' lang='lat' dir='ltr'>noster,</span> <span class='ocrx_word' id='word_1_623' title='bbox 1628 2755 1692 2802; x_wconf 87' lang='lat' dir='ltr'>qui</span> <span class='ocrx_word' id='word_1_624' title='bbox 1716 2766 1783 2802; x_wconf 77' lang='lat' dir='ltr'>per</span> 
     </span>
    </p>
   </div>
  </div>
 </body>
</html>
