<?xml version="1.0" encoding="UTF-8"?>
<!DOCTYPE html PUBLIC "-//W3C//DTD XHTML 1.0 Transitional//EN"
    "http://www.w3.org/TR/xhtml1/DTD/xhtml1-transitional.dtd">
<html xmlns="http://www.w3.org/1999/xhtml" xml:lang="en" lang="en">
 <head>
  <title>
</title>
<meta http-equiv="Content-Type" content="text/html;charset=utf-8" />
  <meta name='ocr-system' content='tesseract 3.04.00' />
  <meta name='ocr-capabilities' content='ocr_page ocr_carea ocr_par ocr_line ocrx_word'/>
</head>
<body>
  <div class='ocr_page' id='page_1' title='image "./vitajesuchristie04ludouoft/vitajesuchristie04ludouoft_0067.png"; bbox 0 0 1924 3157; ppageno 0'>
   <div class='ocr_carea' id='block_1_1' title="bbox 590 106 1806 143">
    <p class='ocr_par' dir='ltr' id='par_1_1' title="bbox 590 106 1806 143">
     <span class='ocr_line' id='line_1_1' title="bbox 590 106 1806 143; baseline 0.003 -4"><span class='ocrx_word' id='word_1_1' title='bbox 590 106 639 139; x_wconf 78' lang='lat' dir='ltr'>DE</span> <span class='ocrx_word' id='word_1_2' title='bbox 678 107 824 142; x_wconf 78' lang='lat' dir='ltr'><strong>PRIMA.</strong></span> <span class='ocrx_word' id='word_1_3' title='bbox 864 107 908 142; x_wconf 77' lang='lat' dir='ltr'>IN</span> <span class='ocrx_word' id='word_1_4' title='bbox 948 108 1162 143; x_wconf 66' lang='lat' dir='ltr'>PAsstoxss</span> <span class='ocrx_word' id='word_1_5' title='bbox 1203 108 1378 143; x_wconf 65' lang='lat' dir='ltr'>Domiti.</span> <span class='ocrx_word' id='word_1_6' title='bbox 1766 110 1806 143; x_wconf 85' lang='lat'>59</span> 
     </span>
    </p>
   </div>
   <div class='ocr_carea' id='block_1_2' title="bbox 155 172 943 2802">
    <p class='ocr_par' dir='ltr' id='par_1_2' title="bbox 155 172 943 2371">
     <span class='ocr_line' id='line_1_2' title="bbox 168 172 942 223; baseline 0.005 -14"><span class='ocrx_word' id='word_1_7' title='bbox 168 176 304 218; x_wconf 89' lang='lat' dir='ltr'>ctores,</span> <span class='ocrx_word' id='word_1_8' title='bbox 327 172 388 220; x_wconf 86' lang='lat' dir='ltr'>qui</span> <span class='ocrx_word' id='word_1_9' title='bbox 409 184 476 221; x_wconf 90' lang='lat' dir='ltr'>per</span> <span class='ocrx_word' id='word_1_10' title='bbox 494 175 683 212; x_wconf 89' lang='lat' dir='ltr'>seculares</span> <span class='ocrx_word' id='word_1_11' title='bbox 698 176 845 223; x_wconf 80' lang='lat' dir='ltr'>Judices</span> <span class='ocrx_word' id='word_1_12' title='bbox 864 187 942 223; x_wconf 86' lang='lat' dir='ltr'>pu-</span> 
     </span>
     <span class='ocr_line' id='line_1_3' title="bbox 167 220 942 269; baseline 0.005 -13"><span class='ocrx_word' id='word_1_13' title='bbox 167 220 355 265; x_wconf 88' lang='lat' dir='ltr'>nirentur,</span> <span class='ocrx_word' id='word_1_14' title='bbox 380 232 447 268; x_wconf 88' lang='lat' dir='ltr'>per</span> <span class='ocrx_word' id='word_1_15' title='bbox 469 222 744 260; x_wconf 84' lang='lat' dir='ltr'>ecclesiasticos</span> <span class='ocrx_word' id='word_1_16' title='bbox 769 223 882 269; x_wconf 77' lang='lat' dir='ltr'>viros,</span> <span class='ocrx_word' id='word_1_17' title='bbox 903 223 942 260; x_wconf 90' lang='lat' dir='ltr'>in</span> 
     </span>
     <span class='ocr_line' id='line_1_4' title="bbox 166 270 939 317; baseline 0.005 -13"><span class='ocrx_word' id='word_1_18' title='bbox 166 278 344 314; x_wconf 86' lang='lat' dir='ltr'>magnum</span> <span class='ocrx_word' id='word_1_19' title='bbox 365 270 583 307; x_wconf 76' lang='lat' dir='ltr'>scandalum</span> <span class='ocrx_word' id='word_1_20' title='bbox 604 271 746 317; x_wconf 79' lang='lat' dir='ltr'>populi,</span> <span class='ocrx_word' id='word_1_21' title='bbox 775 275 939 308; x_wconf 91' lang='lat' dir='ltr'>tuentur.</span> 
     </span>
     <span class='ocr_line' id='line_1_5' title="bbox 163 316 940 359; baseline 0.003 -7"><span class='ocrx_word' id='word_1_22' title='bbox 163 316 285 352; x_wconf 83' lang='lat' dir='ltr'>Judaei</span> <span class='ocrx_word' id='word_1_23' title='bbox 318 327 420 359; x_wconf 88' lang='lat' dir='ltr'>vero,</span> <span class='ocrx_word' id='word_1_24' title='bbox 449 328 532 354; x_wconf 89' lang='lat' dir='ltr'>cum</span> <span class='ocrx_word' id='word_1_25' title='bbox 566 318 658 355; x_wconf 87' lang='lat' dir='ltr'>nihil</span> <span class='ocrx_word' id='word_1_26' title='bbox 699 318 800 356; x_wconf 86' lang='lat' dir='ltr'>aliud</span> <span class='ocrx_word' id='word_1_27' title='bbox 840 320 940 356; x_wconf 85' lang='lat' dir='ltr'>sace-</span> 
     </span>
     <span class='ocr_line' id='line_1_6' title="bbox 166 363 942 408; baseline 0.005 -9"><span class='ocrx_word' id='word_1_28' title='bbox 166 366 249 399; x_wconf 89' lang='lat' dir='ltr'>rent</span> <span class='ocrx_word' id='word_1_29' title='bbox 263 363 459 402; x_wconf 63' lang='lat' dir='ltr'>calumnia]</span> <span class='ocrx_word' id='word_1_30' title='bbox 475 376 620 408; x_wconf 89' lang='lat' dir='ltr'>eorum,</span> <span class='ocrx_word' id='word_1_31' title='bbox 631 367 878 404; x_wconf 73' lang='lat' dir='ltr'>recurrebant</span> <span class='ocrx_word' id='word_1_32' title='bbox 892 366 942 403; x_wconf 93' lang='lat' dir='ltr'>ad</span> 
     </span>
     <span class='ocr_line' id='line_1_7' title="bbox 163 410 942 461; baseline 0.006 -16"><span class='ocrx_word' id='word_1_33' title='bbox 163 410 329 448; x_wconf 81' lang='lat' dir='ltr'>subsidia</span> <span class='ocrx_word' id='word_1_34' title='bbox 350 412 570 449; x_wconf 86' lang='lat' dir='ltr'>clamorum.</span> <span class='ocrx_word' id='word_1_35' title='bbox 594 414 697 450; x_wconf 86' lang='lat' dir='ltr'><strong>Unde</strong></span> <span class='ocrx_word' id='word_1_36' title='bbox 725 413 863 461; x_wconf 84' lang='lat' dir='ltr'>legitur</span> <span class='ocrx_word' id='word_1_37' title='bbox 903 413 942 450; x_wconf 92' lang='lat' dir='ltr'>in</span> 
     </span>
     <span class='ocr_line' id='line_1_8' title="bbox 167 458 941 507; baseline 0.004 -13"><span class='ocrx_word' id='word_1_38' title='bbox 167 458 264 495; x_wconf 66' lang='lat' dir='ltr'>Lura</span> <span class='ocrx_word' id='word_1_39' title='bbox 279 474 286 495; x_wconf 74' lang='grc' dir='ltr'><strong><em>ι</em></strong></span> <span class='ocrx_word' id='word_1_40' title='bbox 301 460 353 495; x_wconf 83' lang='lat' dir='ltr'>At</span> <span class='ocrx_word' id='word_1_41' title='bbox 364 461 530 507; x_wconf 80' lang='lat' dir='ltr'>illi,quia</span> <span class='ocrx_word' id='word_1_42' title='bbox 541 460 768 498; x_wconf 83' lang='lat' dir='ltr'>deficiebant</span> <span class='ocrx_word' id='word_1_43' title='bbox 786 461 941 498; x_wconf 65' lang='lat' dir='ltr'>rationi-</span> 
     </span>
     <span class='ocr_line' id='line_1_9' title="bbox 165 505 939 552; baseline 0.005 -10"><span class='ocrx_word' id='word_1_44' title='bbox 165 505 247 551; x_wconf 86' lang='lat' dir='ltr'>bus,</span> <span class='ocrx_word' id='word_1_45' title='bbox 269 508 537 544; x_wconf 74' lang='lat' dir='ltr'><em>invalescebant</em></span> <span class='ocrx_word' id='word_1_46' title='bbox 560 509 725 552; x_wconf 86' lang='lat' dir='ltr'>vocibus,</span> <span class='ocrx_word' id='word_1_47' title='bbox 748 509 907 546; x_wconf 84' lang='lat' dir='ltr'>dicentes</span> <span class='ocrx_word' id='word_1_48' title='bbox 929 522 939 546; x_wconf 92' lang='lat'><strong>:</strong></span> 
     </span>
     <span class='ocr_line' id='line_1_10' title="bbox 165 554 941 603; baseline 0.001 -12"><span class='ocrx_word' id='word_1_49' title='bbox 165 554 361 591; x_wconf 82' lang='lat' dir='ltr'>Commovit</span> <span class='ocrx_word' id='word_1_50' title='bbox 386 557 576 602; x_wconf 82' lang='lat' dir='ltr'>populum,</span> <span class='ocrx_word' id='word_1_51' title='bbox 599 557 729 592; x_wconf 71' lang='lat' dir='ltr'>&lt;locens</span> <span class='ocrx_word' id='word_1_52' title='bbox 760 567 826 603; x_wconf 85' lang='lat' dir='ltr'>per</span> <span class='ocrx_word' id='word_1_53' title='bbox 856 558 941 592; x_wconf 85' lang='lat' dir='ltr'>uni-</span> 
     </span>
     <span class='ocr_line' id='line_1_11' title="bbox 163 603 943 650; baseline 0.006 -14"><span class='ocrx_word' id='word_1_54' title='bbox 163 612 303 638; x_wconf 78' lang='lat' dir='ltr'>versam</span> <span class='ocrx_word' id='word_1_55' title='bbox 331 603 509 647; x_wconf 81' lang='lat' dir='ltr'>Judaeam,</span> <span class='ocrx_word' id='word_1_56' title='bbox 531 605 710 650; x_wconf 80' lang='lat' dir='ltr'><em>incipiens</em></span> <span class='ocrx_word' id='word_1_57' title='bbox 733 615 755 639; x_wconf 88' lang='lat' dir='ltr'>a</span> <span class='ocrx_word' id='word_1_58' title='bbox 788 604 943 641; x_wconf 83' lang='lat' dir='ltr'>Galilaea</span> 
     </span>
     <span class='ocr_line' id='line_1_12' title="bbox 164 650 942 694; baseline 0.005 -10"><span class='ocrx_word' id='word_1_59' title='bbox 164 659 278 694; x_wconf 79' lang='lat' dir='ltr'>usque</span> <span class='ocrx_word' id='word_1_60' title='bbox 295 651 376 686; x_wconf 83' lang='lat' dir='ltr'>huc.</span> <span class='ocrx_word' id='word_1_61' title='bbox 401 651 514 694; x_wconf 80' lang='lat' dir='ltr'><strong>Quasi</strong></span> <span class='ocrx_word' id='word_1_62' title='bbox 537 650 707 688; x_wconf 76' lang='lat' dir='ltr'>dicerent</span> <span class='ocrx_word' id='word_1_63' title='bbox 729 664 735 687; x_wconf 78' lang='lat'>2</span> <span class='ocrx_word' id='word_1_64' title='bbox 755 652 942 688; x_wconf 88' lang='lat' dir='ltr'>Pervcrtit</span> 
     </span>
     <span class='ocr_line' id='line_1_13' title="bbox 164 696 943 744; baseline 0.006 -13"><span class='ocrx_word' id='word_1_65' title='bbox 164 696 357 743; x_wconf 89' lang='lat' dir='ltr'>populum,</span> <span class='ocrx_word' id='word_1_66' title='bbox 377 701 414 733; x_wconf 90' lang='lat' dir='ltr'>et</span> <span class='ocrx_word' id='word_1_67' title='bbox 433 698 597 735; x_wconf 80' lang='lat' dir='ltr'>turbavit</span> <span class='ocrx_word' id='word_1_68' title='bbox 624 709 756 744; x_wconf 83' lang='lat' dir='ltr'>pacem</span> <span class='ocrx_word' id='word_1_69' title='bbox 777 709 943 736; x_wconf 86' lang='lat' dir='ltr'>commu-</span> 
     </span>
     <span class='ocr_line' id='line_1_14' title="bbox 163 745 942 793; baseline 0.005 -14"><span class='ocrx_word' id='word_1_70' title='bbox 163 754 264 789; x_wconf 84' lang='lat' dir='ltr'>nem,</span> <span class='ocrx_word' id='word_1_71' title='bbox 292 755 361 780; x_wconf 90' lang='lat' dir='ltr'>nec</span> <span class='ocrx_word' id='word_1_72' title='bbox 388 745 427 781; x_wconf 90' lang='lat' dir='ltr'>in</span> <span class='ocrx_word' id='word_1_73' title='bbox 463 756 536 782; x_wconf 86' lang='lat' dir='ltr'>una</span> <span class='ocrx_word' id='word_1_74' title='bbox 556 750 662 793; x_wconf 86' lang='lat' dir='ltr'>parte</span> <span class='ocrx_word' id='word_1_75' title='bbox 684 750 844 791; x_wconf 89' lang='lat' dir='ltr'>tantum,</span> <span class='ocrx_word' id='word_1_76' title='bbox 877 747 942 783; x_wconf 66' lang='lat' dir='ltr'>sed</span> 
     </span>
     <span class='ocr_line' id='line_1_15' title="bbox 163 791 943 841; baseline 0.004 -13"><span class='ocrx_word' id='word_1_77' title='bbox 163 802 185 828; x_wconf 86' lang='lat' dir='ltr'>a</span> <span class='ocrx_word' id='word_1_78' title='bbox 205 791 360 830; x_wconf 78' lang='lat' dir='ltr'>Galilaea</span> <span class='ocrx_word' id='word_1_79' title='bbox 381 791 533 840; x_wconf 82' lang='lat' dir='ltr'>incepit,</span> <span class='ocrx_word' id='word_1_80' title='bbox 555 797 592 830; x_wconf 92' lang='lat' dir='ltr'>et</span> <span class='ocrx_word' id='word_1_81' title='bbox 617 794 687 830; x_wconf 89' lang='lat' dir='ltr'>huc</span> <span class='ocrx_word' id='word_1_82' title='bbox 714 805 833 841; x_wconf 87' lang='lat' dir='ltr'>usque</span> <span class='ocrx_word' id='word_1_83' title='bbox 854 805 943 841; x_wconf 90' lang='lat' dir='ltr'>per-</span> 
     </span>
     <span class='ocr_line' id='line_1_16' title="bbox 162 839 941 887; baseline 0.006 -13"><span class='ocrx_word' id='word_1_84' title='bbox 162 839 278 876; x_wconf 83' lang='lat' dir='ltr'>venit.</span> <span class='ocrx_word' id='word_1_85' title='bbox 294 840 361 876; x_wconf 89' lang='lat' dir='ltr'>Hic</span> <span class='ocrx_word' id='word_1_86' title='bbox 376 841 633 878; x_wconf 74' lang='lat' dir='ltr'>accusantium</span> <span class='ocrx_word' id='word_1_87' title='bbox 649 852 788 887; x_wconf 86' lang='lat' dir='ltr'>sermo,</span> <span class='ocrx_word' id='word_1_88' title='bbox 807 853 941 879; x_wconf 89' lang='lat' dir='ltr'>secun-</span> 
     </span>
     <span class='ocr_line' id='line_1_17' title="bbox 162 886 941 936; baseline 0.005 -14"><span class='ocrx_word' id='word_1_89' title='bbox 162 886 252 923; x_wconf 87' lang='lat' dir='ltr'>dum</span> <span class='ocrx_word' id='word_1_90' title='bbox 274 888 424 933; x_wconf 68' lang='lat' dir='ltr'>Beatam,</span> <span class='ocrx_word' id='word_1_91' title='bbox 448 888 566 935; x_wconf 80' lang='lat' dir='ltr'>magis</span> <span class='ocrx_word' id='word_1_92' title='bbox 587 893 623 926; x_wconf 93' lang='lat' dir='ltr'>et</span> <span class='ocrx_word' id='word_1_93' title='bbox 637 900 722 926; x_wconf 90' lang='lat' dir='ltr'>eum</span> <span class='ocrx_word' id='word_1_94' title='bbox 742 891 804 936; x_wconf 87' lang='lat' dir='ltr'>qui</span> <span class='ocrx_word' id='word_1_95' title='bbox 833 900 941 926; x_wconf 78' lang='lat' dir='ltr'>accu-</span> 
     </span>
     <span class='ocr_line' id='line_1_18' title="bbox 161 936 940 984; baseline 0.005 -14"><span class='ocrx_word' id='word_1_96' title='bbox 161 937 266 971; x_wconf 88' lang='lat' dir='ltr'>satur</span> <span class='ocrx_word' id='word_1_97' title='bbox 282 936 391 973; x_wconf 82' lang='lat' dir='ltr'>docet</span> <span class='ocrx_word' id='word_1_98' title='bbox 408 936 616 982; x_wconf 86' lang='lat' dir='ltr'>innoxium,</span> <span class='ocrx_word' id='word_1_99' title='bbox 637 940 674 974; x_wconf 91' lang='lat' dir='ltr'>et</span> <span class='ocrx_word' id='word_1_100' title='bbox 695 948 759 974; x_wconf 89' lang='lat' dir='ltr'>eos</span> <span class='ocrx_word' id='word_1_101' title='bbox 781 937 845 984; x_wconf 83' lang='lat' dir='ltr'>qui</span> <span class='ocrx_word' id='word_1_102' title='bbox 878 948 940 974; x_wconf 87' lang='lat' dir='ltr'>ac-</span> 
     </span>
     <span class='ocr_line' id='line_1_19' title="bbox 162 983 942 1032; baseline 0.005 -14"><span class='ocrx_word' id='word_1_103' title='bbox 162 987 295 1019; x_wconf 89' lang='lat' dir='ltr'>cusant</span> <span class='ocrx_word' id='word_1_104' title='bbox 316 983 425 1020; x_wconf 88' lang='lat' dir='ltr'>docet</span> <span class='ocrx_word' id='word_1_105' title='bbox 450 995 532 1021; x_wconf 85' lang='lat' dir='ltr'>esse</span> <span class='ocrx_word' id='word_1_106' title='bbox 551 995 771 1032; x_wconf 73' lang='lat' dir='ltr'>perversus:</span> <span class='ocrx_word' id='word_1_107' title='bbox 795 984 942 1022; x_wconf 90' lang='lat' dir='ltr'>docuis-</span> 
     </span>
     <span class='ocr_line' id='line_1_20' title="bbox 161 1030 940 1078; baseline 0.004 -12"><span class='ocrx_word' id='word_1_108' title='bbox 161 1040 202 1066; x_wconf 88' lang='lat' dir='ltr'>se</span> <span class='ocrx_word' id='word_1_109' title='bbox 219 1030 319 1067; x_wconf 89' lang='lat' dir='ltr'>enim</span> <span class='ocrx_word' id='word_1_110' title='bbox 342 1032 538 1078; x_wconf 92' lang='lat' dir='ltr'>populum,</span> <span class='ocrx_word' id='word_1_111' title='bbox 572 1043 648 1069; x_wconf 93' lang='lat' dir='ltr'>non</span> <span class='ocrx_word' id='word_1_112' title='bbox 671 1032 854 1078; x_wconf 88' lang='lat' dir='ltr'>criminis,</span> <span class='ocrx_word' id='word_1_113' title='bbox 874 1033 940 1069; x_wconf 90' lang='lat' dir='ltr'>sed</span> 
     </span>
     <span class='ocr_line' id='line_1_21' title="bbox 162 1076 940 1126; baseline 0.005 -13"><span class='ocrx_word' id='word_1_114' title='bbox 162 1076 309 1115; x_wconf 77' lang='lat' dir='ltr'>virtutis</span> <span class='ocrx_word' id='word_1_115' title='bbox 339 1083 487 1116; x_wconf 87' lang='lat' dir='ltr'>constat</span> <span class='ocrx_word' id='word_1_116' title='bbox 524 1091 606 1117; x_wconf 87' lang='lat' dir='ltr'>esse</span> <span class='ocrx_word' id='word_1_117' title='bbox 636 1079 846 1126; x_wconf 78' lang='lat' dir='ltr'>indicium;</span> <span class='ocrx_word' id='word_1_118' title='bbox 870 1091 940 1117; x_wconf 89' lang='lat' dir='ltr'>nec</span> 
     </span>
     <span class='ocr_line' id='line_1_22' title="bbox 159 1126 938 1175; baseline 0.003 -14"><span class='ocrx_word' id='word_1_119' title='bbox 159 1126 362 1166; x_wconf 78' lang='lat' dir='ltr'>commovit</span> <span class='ocrx_word' id='word_1_120' title='bbox 382 1127 576 1174; x_wconf 85' lang='lat' dir='ltr'>populum,</span> <span class='ocrx_word' id='word_1_121' title='bbox 599 1127 661 1174; x_wconf 92' lang='lat' dir='ltr'>qui</span> <span class='ocrx_word' id='word_1_122' title='bbox 682 1128 786 1175; x_wconf 80' lang='lat' dir='ltr'>pacis</span> <span class='ocrx_word' id='word_1_123' title='bbox 805 1128 938 1164; x_wconf 88' lang='lat' dir='ltr'>condi-</span> 
     </span>
     <span class='ocr_line' id='line_1_23' title="bbox 159 1171 940 1223; baseline 0.004 -14"><span class='ocrx_word' id='word_1_124' title='bbox 159 1171 214 1209; x_wconf 85' lang='lat' dir='ltr'>dit</span> <span class='ocrx_word' id='word_1_125' title='bbox 235 1177 517 1212; x_wconf 79' lang='lat' dir='ltr'>tcstamentum.</span> <span class='ocrx_word' id='word_1_126' title='bbox 547 1175 715 1223; x_wconf 70' lang='lat' dir='ltr'>Mystico,</span> <span class='ocrx_word' id='word_1_127' title='bbox 737 1177 940 1212; x_wconf 85' lang='lat' dir='ltr'>commovit</span> 
     </span>
     <span class='ocr_line' id='line_1_24' title="bbox 159 1221 939 1268; baseline 0.005 -12"><span class='ocrx_word' id='word_1_128' title='bbox 159 1221 340 1268; x_wconf 82' lang='lat' dir='ltr'>populum</span> <span class='ocrx_word' id='word_1_129' title='bbox 380 1222 523 1260; x_wconf 80' lang='lat' dir='ltr'>salubri</span> <span class='ocrx_word' id='word_1_130' title='bbox 551 1223 804 1260; x_wconf 85' lang='lat' dir='ltr'>commotione</span> <span class='ocrx_word' id='word_1_131' title='bbox 839 1223 939 1260; x_wconf 82' lang='lat' dir='ltr'>viam</span> 
     </span>
     <span class='ocr_line' id='line_1_25' title="bbox 160 1268 938 1318; baseline 0.004 -13"><span class='ocrx_word' id='word_1_132' title='bbox 160 1268 329 1306; x_wconf 88' lang='lat' dir='ltr'>veritatis</span> <span class='ocrx_word' id='word_1_133' title='bbox 343 1270 529 1315; x_wconf 89' lang='lat' dir='ltr'>docendo,</span> <span class='ocrx_word' id='word_1_134' title='bbox 553 1271 599 1308; x_wconf 91' lang='lat' dir='ltr'>de</span> <span class='ocrx_word' id='word_1_135' title='bbox 618 1282 691 1318; x_wconf 88' lang='lat' dir='ltr'>qua</span> <span class='ocrx_word' id='word_1_136' title='bbox 719 1270 938 1308; x_wconf 84' lang='lat' dir='ltr'>commotio-</span> 
     </span>
     <span class='ocr_line' id='line_1_26' title="bbox 160 1317 939 1356; baseline 0.001 -3"><span class='ocrx_word' id='word_1_137' title='bbox 160 1327 207 1353; x_wconf 84' lang='lat' dir='ltr'>ne</span> <span class='ocrx_word' id='word_1_138' title='bbox 236 1317 374 1355; x_wconf 88' lang='lat' dir='ltr'>dicitur</span> <span class='ocrx_word' id='word_1_139' title='bbox 405 1318 444 1355; x_wconf 90' lang='lat' dir='ltr'>in</span> <span class='ocrx_word' id='word_1_140' title='bbox 475 1319 626 1356; x_wconf 86' lang='lat' dir='ltr'>Psalmo</span> <span class='ocrx_word' id='word_1_141' title='bbox 659 1333 669 1355; x_wconf 86' lang='lat'><strong>:</strong></span> <span class='ocrx_word' id='word_1_142' title='bbox 706 1320 939 1356; x_wconf 68' lang='lat' dir='ltr'>commovisti</span> 
     </span>
     <span class='ocr_line' id='line_1_27' title="bbox 161 1367 936 1411; baseline 0.004 -11"><span class='ocrx_word' id='word_1_143' title='bbox 161 1367 295 1402; x_wconf 78' lang='lat' dir='ltr'>terram</span> <span class='ocrx_word' id='word_1_144' title='bbox 325 1370 358 1402; x_wconf 85' lang='lat' dir='ltr'>et</span> <span class='ocrx_word' id='word_1_145' title='bbox 376 1368 604 1403; x_wconf 75' lang='lat' dir='ltr'>conturbasti</span> <span class='ocrx_word' id='word_1_146' title='bbox 630 1378 723 1411; x_wconf 89' lang='lat' dir='ltr'>eam,</span> <span class='ocrx_word' id='word_1_147' title='bbox 742 1378 835 1403; x_wconf 83' lang='lat' dir='ltr'>sana</span> <span class='ocrx_word' id='word_1_148' title='bbox 854 1378 936 1403; x_wconf 85' lang='lat' dir='ltr'>con-</span> 
     </span>
     <span class='ocr_line' id='line_1_28' title="bbox 160 1414 937 1461; baseline 0.003 -12"><span class='ocrx_word' id='word_1_149' title='bbox 160 1414 326 1450; x_wconf 82' lang='lat' dir='ltr'>tritiones</span> <span class='ocrx_word' id='word_1_150' title='bbox 347 1415 439 1460; x_wconf 82' lang='lat' dir='ltr'>ejus,</span> <span class='ocrx_word' id='word_1_151' title='bbox 455 1417 544 1461; x_wconf 80' lang='lat' dir='ltr'>quia</span> <span class='ocrx_word' id='word_1_152' title='bbox 570 1419 744 1451; x_wconf 79' lang='lat' dir='ltr'>commota</span> <span class='ocrx_word' id='word_1_153' title='bbox 768 1420 832 1451; x_wconf 87' lang='lat' dir='ltr'>est.</span> <span class='ocrx_word' id='word_1_154' title='bbox 853 1415 937 1452; x_wconf 92' lang='lat' dir='ltr'>Cla-</span> 
     </span>
     <span class='ocr_line' id='line_1_29' title="bbox 159 1461 938 1509; baseline 0.004 -13"><span class='ocrx_word' id='word_1_155' title='bbox 159 1461 328 1498; x_wconf 79' lang='lat' dir='ltr'>moribus</span> <span class='ocrx_word' id='word_1_156' title='bbox 355 1462 470 1509; x_wconf 81' lang='lat' dir='ltr'>igitur</span> <span class='ocrx_word' id='word_1_157' title='bbox 497 1464 778 1508; x_wconf 80' lang='lat' dir='ltr'>invalescebant,</span> <span class='ocrx_word' id='word_1_158' title='bbox 801 1462 865 1509; x_wconf 83' lang='lat' dir='ltr'>qui</span> <span class='ocrx_word' id='word_1_159' title='bbox 898 1462 938 1499; x_wconf 89' lang='lat' dir='ltr'>in</span> 
     </span>
     <span class='ocr_line' id='line_1_30' title="bbox 161 1508 934 1556; baseline 0.003 -11"><span class='ocrx_word' id='word_1_160' title='bbox 161 1508 215 1545; x_wconf 87' lang='lat' dir='ltr'>rei</span> <span class='ocrx_word' id='word_1_161' title='bbox 238 1509 394 1547; x_wconf 85' lang='lat' dir='ltr'>veritate</span> <span class='ocrx_word' id='word_1_162' title='bbox 413 1510 655 1556; x_wconf 81' lang='lat' dir='ltr'>deficiebant,</span> <span class='ocrx_word' id='word_1_163' title='bbox 672 1514 711 1547; x_wconf 89' lang='lat' dir='ltr'>ut</span> <span class='ocrx_word' id='word_1_164' title='bbox 725 1510 773 1546; x_wconf 89' lang='lat' dir='ltr'>sit</span> <span class='ocrx_word' id='word_1_165' title='bbox 794 1511 934 1547; x_wconf 85' lang='lat' dir='ltr'>clamo-</span> 
     </span>
     <span class='ocr_line' id='line_1_31' title="bbox 160 1558 937 1605; baseline 0.004 -13"><span class='ocrx_word' id='word_1_166' title='bbox 160 1559 448 1605; x_wconf 84' lang='lat' dir='ltr'>rosa,nonjusta</span> <span class='ocrx_word' id='word_1_167' title='bbox 462 1558 663 1603; x_wconf 81' lang='lat' dir='ltr'>accusatio,</span> <span class='ocrx_word' id='word_1_168' title='bbox 681 1558 770 1605; x_wconf 85' lang='lat' dir='ltr'>quia</span> <span class='ocrx_word' id='word_1_169' title='bbox 785 1569 852 1605; x_wconf 89' lang='lat' dir='ltr'>per</span> <span class='ocrx_word' id='word_1_170' title='bbox 864 1560 937 1595; x_wconf 88' lang='lat' dir='ltr'>cla-</span> 
     </span>
     <span class='ocr_line' id='line_1_32' title="bbox 158 1606 935 1652; baseline 0.001 -11"><span class='ocrx_word' id='word_1_171' title='bbox 158 1614 302 1642; x_wconf 67' lang='lat' dir='ltr'>morem</span> <span class='ocrx_word' id='word_1_172' title='bbox 315 1606 517 1642; x_wconf 87' lang='lat' dir='ltr'>voluerunt</span> <span class='ocrx_word' id='word_1_173' title='bbox 533 1606 721 1650; x_wconf 89' lang='lat' dir='ltr'>obtinere,</span> <span class='ocrx_word' id='word_1_174' title='bbox 737 1606 838 1652; x_wconf 82' lang='lat' dir='ltr'>quod</span> <span class='ocrx_word' id='word_1_175' title='bbox 858 1617 935 1642; x_wconf 88' lang='lat' dir='ltr'>non</span> 
     </span>
     <span class='ocr_line' id='line_1_33' title="bbox 157 1653 935 1700; baseline 0.003 -12"><span class='ocrx_word' id='word_1_176' title='bbox 157 1655 408 1700; x_wconf 89' lang='lat' dir='ltr'>poterantper</span> <span class='ocrx_word' id='word_1_177' title='bbox 423 1653 610 1690; x_wconf 77' lang='lat' dir='ltr'>rationem</span> <span class='ocrx_word' id='word_1_178' title='bbox 632 1654 785 1690; x_wconf 83' lang='lat' dir='ltr'>habere.</span> <span class='ocrx_word' id='word_1_179' title='bbox 807 1655 866 1690; x_wconf 86' lang='lat' dir='ltr'>Sic</span> <span class='ocrx_word' id='word_1_180' title='bbox 885 1654 935 1690; x_wconf 84' lang='lat' dir='ltr'>sa-</span> 
     </span>
     <span class='ocr_line' id='line_1_34' title="bbox 157 1699 935 1748; baseline 0.003 -12"><span class='ocrx_word' id='word_1_181' title='bbox 157 1699 258 1736; x_wconf 87' lang='lat' dir='ltr'>ciunt</span> <span class='ocrx_word' id='word_1_182' title='bbox 296 1700 468 1747; x_wconf 86' lang='lat' dir='ltr'>maligni,</span> <span class='ocrx_word' id='word_1_183' title='bbox 501 1706 716 1748; x_wconf 79' lang='lat' dir='ltr'>quaerentes</span> <span class='ocrx_word' id='word_1_184' title='bbox 760 1701 935 1738; x_wconf 82' lang='lat' dir='ltr'>obtinere</span> 
     </span>
     <span class='ocr_line' id='line_1_35' title="bbox 158 1748 935 1796; baseline 0.001 -12"><span class='ocrx_word' id='word_1_185' title='bbox 158 1758 224 1795; x_wconf 88' lang='lat' dir='ltr'>per</span> <span class='ocrx_word' id='word_1_186' title='bbox 243 1748 357 1786; x_wconf 87' lang='lat' dir='ltr'>verba</span> <span class='ocrx_word' id='word_1_187' title='bbox 372 1753 407 1785; x_wconf 92' lang='lat' dir='ltr'>et</span> <span class='ocrx_word' id='word_1_188' title='bbox 428 1749 721 1794; x_wconf 64' lang='lat' dir='ltr'>contentionem,</span> <span class='ocrx_word' id='word_1_189' title='bbox 742 1749 841 1796; x_wconf 80' lang='lat' dir='ltr'>quud</span> <span class='ocrx_word' id='word_1_190' title='bbox 859 1760 935 1786; x_wconf 90' lang='lat' dir='ltr'>non</span> 
     </span>
     <span class='ocr_line' id='line_1_36' title="bbox 157 1796 932 1844; baseline 0.001 -12"><span class='ocrx_word' id='word_1_191' title='bbox 157 1800 317 1842; x_wconf 83' lang='lat' dir='ltr'>possunt</span> <span class='ocrx_word' id='word_1_192' title='bbox 345 1807 411 1844; x_wconf 91' lang='lat' dir='ltr'>per</span> <span class='ocrx_word' id='word_1_193' title='bbox 432 1796 621 1844; x_wconf 89' lang='lat' dir='ltr'>justitiam</span> <span class='ocrx_word' id='word_1_194' title='bbox 652 1801 690 1834; x_wconf 90' lang='lat' dir='ltr'>et</span> <span class='ocrx_word' id='word_1_195' title='bbox 720 1797 932 1834; x_wconf 86' lang='lat' dir='ltr'>veritatem.</span> 
     </span>
     <span class='ocr_line' id='line_1_37' title="bbox 157 1844 935 1891; baseline 0.001 -11"><span class='ocrx_word' id='word_1_196' title='bbox 157 1845 259 1880; x_wconf 81' lang='lat' dir='ltr'>Nunc</span> <span class='ocrx_word' id='word_1_197' title='bbox 278 1844 475 1881; x_wconf 90' lang='lat' dir='ltr'>considera</span> <span class='ocrx_word' id='word_1_198' title='bbox 493 1846 530 1881; x_wconf 90' lang='lat' dir='ltr'>in</span> <span class='ocrx_word' id='word_1_199' title='bbox 551 1849 737 1891; x_wconf 88' lang='lat' dir='ltr'>quantum</span> <span class='ocrx_word' id='word_1_200' title='bbox 758 1856 798 1882; x_wconf 91' lang='lat' dir='ltr'>se</span> <span class='ocrx_word' id='word_1_201' title='bbox 815 1846 935 1882; x_wconf 90' lang='lat' dir='ltr'>humi-</span> 
     </span>
     <span class='ocr_line' id='line_1_38' title="bbox 156 1890 934 1930; baseline 0.004 -3"><span class='ocrx_word' id='word_1_202' title='bbox 156 1890 259 1928; x_wconf 76' lang='lat' dir='ltr'>liavit</span> <span class='ocrx_word' id='word_1_203' title='bbox 278 1892 397 1929; x_wconf 80' lang='lat' dir='ltr'>Judex</span> <span class='ocrx_word' id='word_1_204' title='bbox 413 1892 528 1930; x_wconf 84' lang='lat' dir='ltr'>totius</span> <span class='ocrx_word' id='word_1_205' title='bbox 546 1897 730 1929; x_wconf 67' lang='lat' dir='ltr'>creatura?</span> <span class='ocrx_word' id='word_1_206' title='bbox 751 1894 934 1930; x_wconf 89' lang='lat' dir='ltr'>constitu-</span> 
     </span>
     <span class='ocr_line' id='line_1_39' title="bbox 158 1940 935 1987; baseline 0.001 -11"><span class='ocrx_word' id='word_1_207' title='bbox 158 1942 216 1976; x_wconf 84' lang='lat' dir='ltr'>tus</span> <span class='ocrx_word' id='word_1_208' title='bbox 247 1950 270 1976; x_wconf 93' lang='lat' dir='ltr'>a</span> <span class='ocrx_word' id='word_1_209' title='bbox 305 1940 432 1986; x_wconf 86' lang='lat' dir='ltr'>Patre,</span> <span class='ocrx_word' id='word_1_210' title='bbox 466 1944 507 1977; x_wconf 90' lang='lat' dir='ltr'>ut</span> <span class='ocrx_word' id='word_1_211' title='bbox 547 1940 805 1987; x_wconf 80' lang='lat' dir='ltr'>acquiesceret</span> <span class='ocrx_word' id='word_1_212' title='bbox 833 1943 935 1977; x_wconf 90' lang='lat' dir='ltr'>stare</span> 
     </span>
     <span class='ocr_line' id='line_1_40' title="bbox 155 1987 936 2034; baseline 0.001 -10"><span class='ocrx_word' id='word_1_213' title='bbox 155 1989 244 2024; x_wconf 89' lang='lat' dir='ltr'>ante</span> <span class='ocrx_word' id='word_1_214' title='bbox 261 1987 427 2034; x_wconf 83' lang='lat' dir='ltr'>judicem</span> <span class='ocrx_word' id='word_1_215' title='bbox 449 1991 561 2025; x_wconf 83' lang='lat' dir='ltr'>terrae</span> <span class='ocrx_word' id='word_1_216' title='bbox 589 1988 744 2025; x_wconf 82' lang='lat' dir='ltr'>Judaeae.</span> <span class='ocrx_word' id='word_1_217' title='bbox 774 1990 818 2025; x_wconf 90' lang='lat' dir='ltr'>Et</span> <span class='ocrx_word' id='word_1_218' title='bbox 840 1988 936 2025; x_wconf 89' lang='lat' dir='ltr'>sicut</span> 
     </span>
     <span class='ocr_line' id='line_1_41' title="bbox 156 2034 936 2080; baseline 0.003 -9"><span class='ocrx_word' id='word_1_219' title='bbox 156 2034 340 2080; x_wconf 88' lang='lat' dir='ltr'>Christus,</span> <span class='ocrx_word' id='word_1_220' title='bbox 368 2046 455 2072; x_wconf 90' lang='lat' dir='ltr'>cum</span> <span class='ocrx_word' id='word_1_221' title='bbox 475 2041 562 2073; x_wconf 87' lang='lat' dir='ltr'>ante</span> <span class='ocrx_word' id='word_1_222' title='bbox 587 2036 793 2073; x_wconf 84' lang='lat' dir='ltr'>Praesidcm</span> <span class='ocrx_word' id='word_1_223' title='bbox 812 2039 936 2073; x_wconf 86' lang='lat' dir='ltr'>statu-</span> 
     </span>
     <span class='ocr_line' id='line_1_42' title="bbox 156 2083 935 2131; baseline 0.003 -12"><span class='ocrx_word' id='word_1_224' title='bbox 156 2085 296 2128; x_wconf 84' lang='lat' dir='ltr'>eretur,</span> <span class='ocrx_word' id='word_1_225' title='bbox 313 2086 350 2120; x_wconf 92' lang='lat' dir='ltr'>et</span> <span class='ocrx_word' id='word_1_226' title='bbox 366 2083 503 2131; x_wconf 84' lang='lat' dir='ltr'>iniquis</span> <span class='ocrx_word' id='word_1_227' title='bbox 520 2083 824 2121; x_wconf 77' lang='lat' dir='ltr'>accusationibus</span> <span class='ocrx_word' id='word_1_228' title='bbox 840 2084 935 2121; x_wconf 84' lang='lat' dir='ltr'>false</span> 
     </span>
     <span class='ocr_line' id='line_1_43' title="bbox 158 2132 935 2177; baseline 0.004 -11"><span class='ocrx_word' id='word_1_229' title='bbox 158 2135 368 2177; x_wconf 81' lang='lat' dir='ltr'>urgeretur,</span> <span class='ocrx_word' id='word_1_230' title='bbox 382 2142 534 2168; x_wconf 87' lang='lat' dir='ltr'>omnem</span> <span class='ocrx_word' id='word_1_231' title='bbox 550 2132 881 2169; x_wconf 89' lang='lat' dir='ltr'>mansuetudinem</span> <span class='ocrx_word' id='word_1_232' title='bbox 897 2137 935 2169; x_wconf 89' lang='lat' dir='ltr'>et</span> 
     </span>
     <span class='ocr_line' id='line_1_44' title="bbox 155 2178 934 2225; baseline 0.003 -11"><span class='ocrx_word' id='word_1_233' title='bbox 155 2178 378 2224; x_wconf 87' lang='lat' dir='ltr'>patientiam</span> <span class='ocrx_word' id='word_1_234' title='bbox 395 2179 642 2225; x_wconf 80' lang='lat' dir='ltr'>ostci1dit;sic</span> <span class='ocrx_word' id='word_1_235' title='bbox 662 2191 776 2217; x_wconf 82' lang='lat' dir='ltr'>verus</span> <span class='ocrx_word' id='word_1_236' title='bbox 796 2179 934 2218; x_wconf 85' lang='lat' dir='ltr'>Christi</span> 
     </span>
     <span class='ocr_line' id='line_1_45' title="bbox 155 2225 932 2274; baseline 0.003 -12"><span class='ocrx_word' id='word_1_237' title='bbox 155 2225 324 2263; x_wconf 86' lang='lat' dir='ltr'>imitator</span> <span class='ocrx_word' id='word_1_238' title='bbox 335 2238 410 2264; x_wconf 89' lang='lat' dir='ltr'>non</span> <span class='ocrx_word' id='word_1_239' title='bbox 422 2231 644 2274; x_wconf 85' lang='lat' dir='ltr'>murmuret,</span> <span class='ocrx_word' id='word_1_240' title='bbox 661 2231 724 2264; x_wconf 90' lang='lat' dir='ltr'>aut</span> <span class='ocrx_word' id='word_1_241' title='bbox 739 2228 932 2273; x_wconf 81' lang='lat' dir='ltr'>reclamet,</span> 
     </span>
     <span class='ocr_line' id='line_1_46' title="bbox 157 2274 933 2320; baseline 0.004 -10"><span class='ocrx_word' id='word_1_242' title='bbox 157 2284 226 2310; x_wconf 90' lang='lat' dir='ltr'>nec</span> <span class='ocrx_word' id='word_1_243' title='bbox 247 2274 496 2320; x_wconf 85' lang='lat' dir='ltr'>contradicat,</span> <span class='ocrx_word' id='word_1_244' title='bbox 517 2286 602 2312; x_wconf 90' lang='lat' dir='ltr'>cum</span> <span class='ocrx_word' id='word_1_245' title='bbox 621 2275 788 2313; x_wconf 88' lang='lat' dir='ltr'>indebite</span> <span class='ocrx_word' id='word_1_246' title='bbox 811 2277 856 2313; x_wconf 90' lang='lat' dir='ltr'>ab</span> <span class='ocrx_word' id='word_1_247' title='bbox 881 2286 933 2313; x_wconf 87' lang='lat' dir='ltr'>ae-</span> 
     </span>
     <span class='ocr_line' id='line_1_47' title="bbox 156 2321 812 2371; baseline 0.003 -14"><span class='ocrx_word' id='word_1_248' title='bbox 156 2321 268 2358; x_wconf 87' lang='lat' dir='ltr'>mulis</span> <span class='ocrx_word' id='word_1_249' title='bbox 296 2322 457 2368; x_wconf 84' lang='lat' dir='ltr'>laeditur,</span> <span class='ocrx_word' id='word_1_250' title='bbox 474 2328 538 2360; x_wconf 90' lang='lat' dir='ltr'>aut</span> <span class='ocrx_word' id='word_1_251' title='bbox 555 2323 812 2371; x_wconf 87' lang='lat' dir='ltr'>impugnatur.</span> 
     </span>
    </p>

    <p class='ocr_par' dir='ltr' id='par_1_3' title="bbox 155 2371 935 2802">
     <span class='ocr_line' id='line_1_48' title="bbox 208 2371 935 2409; baseline 0.003 -3"><span class='ocrx_word' id='word_1_252' title='bbox 208 2373 246 2406; x_wconf 82' lang='lat'>13</span> <span class='ocrx_word' id='word_1_253' title='bbox 274 2371 520 2408; x_wconf 60' lang='lat' dir='ltr'>nocuus-mu</span> <span class='ocrx_word' id='word_1_254' title='bbox 547 2383 688 2408; x_wconf 64' lang='lat' dir='ltr'>nome</span> <span class='ocrx_word' id='word_1_255' title='bbox 715 2383 759 2408; x_wconf 75' lang='lat' dir='ltr'>Ex</span> <span class='ocrx_word' id='word_1_256' title='bbox 781 2383 935 2409; x_wconf 76' lang='lat' dir='ltr'>ACCUSA-</span> 
     </span>
     <span class='ocr_line' id='line_1_49' title="bbox 155 2419 934 2463; baseline 0.004 -10"><span class='ocrx_word' id='word_1_257' title='bbox 155 2429 261 2454; x_wconf 68' lang='lat' dir='ltr'>noxi:</span> <span class='ocrx_word' id='word_1_258' title='bbox 291 2419 455 2463; x_wconf 77' lang='lat' dir='ltr'>Camsn,</span> <span class='ocrx_word' id='word_1_259' title='bbox 482 2430 591 2456; x_wconf 79' lang='lat' dir='ltr'>ACTUS</span> <span class='ocrx_word' id='word_1_260' title='bbox 624 2431 934 2457; x_wconf 61' lang='lat' dir='ltr'>coxronmrioms</span> 
     </span>
     <span class='ocr_line' id='line_1_50' title="bbox 155 2466 933 2513; baseline 0.004 -12"><span class='ocrx_word' id='word_1_261' title='bbox 155 2477 197 2501; x_wconf 77' lang='lat' dir='ltr'>m·</span> <span class='ocrx_word' id='word_1_262' title='bbox 219 2478 362 2503; x_wconf 65' lang='lat' dir='ltr'>ummo.</span> <span class='ocrx_word' id='word_1_263' title='bbox 378 2487 422 2493; x_wconf 91' lang='lat'>—-</span> <span class='ocrx_word' id='word_1_264' title='bbox 438 2468 486 2503; x_wconf 84' lang='lat' dir='ltr'>Ex</span> <span class='ocrx_word' id='word_1_265' title='bbox 504 2466 575 2503; x_wconf 89' lang='lat' dir='ltr'>isto</span> <span class='ocrx_word' id='word_1_266' title='bbox 595 2467 768 2513; x_wconf 87' lang='lat' dir='ltr'>articulo,</span> <span class='ocrx_word' id='word_1_267' title='bbox 783 2479 933 2505; x_wconf 89' lang='lat' dir='ltr'>accusa-</span> 
     </span>
     <span class='ocr_line' id='line_1_51' title="bbox 156 2513 935 2560; baseline 0.003 -10"><span class='ocrx_word' id='word_1_268' title='bbox 156 2514 268 2550; x_wconf 89' lang='lat' dir='ltr'>tionis</span> <span class='ocrx_word' id='word_1_269' title='bbox 292 2513 430 2551; x_wconf 84' lang='lat' dir='ltr'>Christi</span> <span class='ocrx_word' id='word_1_270' title='bbox 457 2515 502 2551; x_wconf 91' lang='lat' dir='ltr'>de</span> <span class='ocrx_word' id='word_1_271' title='bbox 531 2514 648 2560; x_wconf 84' lang='lat' dir='ltr'>salsis,</span> <span class='ocrx_word' id='word_1_272' title='bbox 670 2515 782 2552; x_wconf 87' lang='lat' dir='ltr'>datur</span> <span class='ocrx_word' id='word_1_273' title='bbox 810 2516 935 2552; x_wconf 87' lang='lat' dir='ltr'>docu—</span> 
     </span>
     <span class='ocr_line' id='line_1_52' title="bbox 155 2562 934 2608; baseline 0.003 -10"><span class='ocrx_word' id='word_1_274' title='bbox 155 2566 338 2602; x_wconf 78' lang='lat' dir='ltr'>mentum,</span> <span class='ocrx_word' id='word_1_275' title='bbox 353 2562 452 2608; x_wconf 75' lang='lat' dir='ltr'>quod</span> <span class='ocrx_word' id='word_1_276' title='bbox 472 2573 671 2600; x_wconf 89' lang='lat' dir='ltr'>caveamus</span> <span class='ocrx_word' id='word_1_277' title='bbox 685 2574 733 2600; x_wconf 90' lang='lat' dir='ltr'>ne</span> <span class='ocrx_word' id='word_1_278' title='bbox 748 2567 785 2600; x_wconf 90' lang='lat' dir='ltr'>et</span> <span class='ocrx_word' id='word_1_279' title='bbox 802 2574 869 2600; x_wconf 89' lang='lat' dir='ltr'>nos</span> <span class='ocrx_word' id='word_1_280' title='bbox 889 2564 934 2600; x_wconf 91' lang='lat' dir='ltr'>de</span> 
     </span>
     <span class='ocr_line' id='line_1_53' title="bbox 155 2609 932 2648; baseline 0.004 -3"><span class='ocrx_word' id='word_1_281' title='bbox 155 2609 249 2646; x_wconf 83' lang='lat' dir='ltr'>salso</span> <span class='ocrx_word' id='word_1_282' title='bbox 276 2610 333 2646; x_wconf 82' lang='lat' dir='ltr'>vcl</span> <span class='ocrx_word' id='word_1_283' title='bbox 362 2610 454 2646; x_wconf 83' lang='lat' dir='ltr'>salse</span> <span class='ocrx_word' id='word_1_284' title='bbox 482 2620 702 2648; x_wconf 87' lang='lat' dir='ltr'>accusemus</span> <span class='ocrx_word' id='word_1_285' title='bbox 729 2611 932 2648; x_wconf 82' lang='lat' dir='ltr'>Christum.</span> 
     </span>
     <span class='ocr_line' id='line_1_54' title="bbox 156 2657 932 2704; baseline 0.003 -11"><span class='ocrx_word' id='word_1_286' title='bbox 156 2657 218 2694; x_wconf 89' lang='lat' dir='ltr'>Isti</span> <span class='ocrx_word' id='word_1_287' title='bbox 237 2658 337 2694; x_wconf 90' lang='lat' dir='ltr'>enim</span> <span class='ocrx_word' id='word_1_288' title='bbox 355 2662 535 2694; x_wconf 87' lang='lat' dir='ltr'>accusant</span> <span class='ocrx_word' id='word_1_289' title='bbox 553 2658 742 2695; x_wconf 89' lang='lat' dir='ltr'>Christum</span> <span class='ocrx_word' id='word_1_290' title='bbox 761 2659 807 2696; x_wconf 92' lang='lat' dir='ltr'>de</span> <span class='ocrx_word' id='word_1_291' title='bbox 824 2660 932 2704; x_wconf 80' lang='lat' dir='ltr'>falso,</span> 
     </span>
     <span class='ocr_line' id='line_1_55' title="bbox 155 2703 932 2753; baseline 0.004 -12"><span class='ocrx_word' id='word_1_292' title='bbox 155 2703 220 2751; x_wconf 85' lang='lat' dir='ltr'>qui</span> <span class='ocrx_word' id='word_1_293' title='bbox 233 2705 304 2742; x_wconf 86' lang='lat' dir='ltr'>sibi</span> <span class='ocrx_word' id='word_1_294' title='bbox 316 2706 452 2742; x_wconf 82' lang='lat' dir='ltr'>salsum</span> <span class='ocrx_word' id='word_1_295' title='bbox 463 2705 676 2753; x_wconf 85' lang='lat' dir='ltr'>imponunt,</span> <span class='ocrx_word' id='word_1_296' title='bbox 687 2706 782 2744; x_wconf 89' lang='lat' dir='ltr'>sicut</span> <span class='ocrx_word' id='word_1_297' title='bbox 797 2707 932 2753; x_wconf 84' lang='lat' dir='ltr'>Judaei,</span> 
     </span>
     <span class='ocr_line' id='line_1_56' title="bbox 156 2752 935 2802; baseline 0.003 -12"><span class='ocrx_word' id='word_1_298' title='bbox 156 2752 309 2800; x_wconf 84' lang='lat' dir='ltr'>pagani,</span> <span class='ocrx_word' id='word_1_299' title='bbox 321 2753 502 2798; x_wconf 66' lang='lat' dir='ltr'>haeretici,</span> <span class='ocrx_word' id='word_1_300' title='bbox 516 2764 560 2790; x_wconf 83' lang='lat' dir='ltr'>ac</span> <span class='ocrx_word' id='word_1_301' title='bbox 577 2753 792 2792; x_wconf 89' lang='lat' dir='ltr'>consimiles</span> <span class='ocrx_word' id='word_1_302' title='bbox 807 2755 871 2802; x_wconf 88' lang='lat' dir='ltr'>qui</span> <span class='ocrx_word' id='word_1_303' title='bbox 888 2755 935 2792; x_wconf 91' lang='lat' dir='ltr'>de</span> 
     </span>
    </p>
   </div>
   <div class='ocr_carea' id='block_1_3' title="bbox 1007 177 1804 2804">
    <p class='ocr_par' dir='ltr' id='par_1_4' title="bbox 1010 177 1804 1558">
     <span class='ocr_line' id='line_1_57' title="bbox 1014 177 1800 230; baseline 0.003 -17"><span class='ocrx_word' id='word_1_304' title='bbox 1014 177 1096 230; x_wconf 87' lang='lat' dir='ltr'>ipso</span> <span class='ocrx_word' id='word_1_305' title='bbox 1117 178 1265 214; x_wconf 85' lang='lat' dir='ltr'>Christo</span> <span class='ocrx_word' id='word_1_306' title='bbox 1287 178 1397 215; x_wconf 87' lang='lat' dir='ltr'>aliter</span> <span class='ocrx_word' id='word_1_307' title='bbox 1415 188 1528 225; x_wconf 87' lang='lat' dir='ltr'>quam</span> <span class='ocrx_word' id='word_1_308' title='bbox 1548 177 1702 223; x_wconf 89' lang='lat' dir='ltr'>debent,</span> <span class='ocrx_word' id='word_1_309' title='bbox 1717 188 1800 215; x_wconf 86' lang='lat' dir='ltr'>sen-</span> 
     </span>
     <span class='ocr_line' id='line_1_58' title="bbox 1015 225 1800 273; baseline 0.004 -13"><span class='ocrx_word' id='word_1_310' title='bbox 1015 227 1125 261; x_wconf 77' lang='lat' dir='ltr'>tiunt.</span> <span class='ocrx_word' id='word_1_311' title='bbox 1150 226 1242 262; x_wconf 87' lang='lat' dir='ltr'>Suut</span> <span class='ocrx_word' id='word_1_312' title='bbox 1269 225 1401 266; x_wconf 80' lang='lat' dir='ltr'>etalii.</span> <span class='ocrx_word' id='word_1_313' title='bbox 1427 225 1489 273; x_wconf 92' lang='lat' dir='ltr'>qui</span> <span class='ocrx_word' id='word_1_314' title='bbox 1512 230 1693 262; x_wconf 87' lang='lat' dir='ltr'>accusant</span> <span class='ocrx_word' id='word_1_315' title='bbox 1713 236 1800 263; x_wconf 92' lang='lat' dir='ltr'>eum</span> 
     </span>
     <span class='ocr_line' id='line_1_59' title="bbox 1016 272 1798 318; baseline 0.003 -10"><span class='ocrx_word' id='word_1_316' title='bbox 1016 272 1062 308; x_wconf 89' lang='lat' dir='ltr'>de</span> <span class='ocrx_word' id='word_1_317' title='bbox 1082 283 1183 312; x_wconf 79' lang='lat' dir='ltr'>vero.</span> <span class='ocrx_word' id='word_1_318' title='bbox 1207 274 1272 309; x_wconf 87' lang='lat' dir='ltr'>sed</span> <span class='ocrx_word' id='word_1_319' title='bbox 1295 273 1398 318; x_wconf 79' lang='lat' dir='ltr'>false,</span> <span class='ocrx_word' id='word_1_320' title='bbox 1420 275 1514 310; x_wconf 84' lang='lat' dir='ltr'>sicut</span> <span class='ocrx_word' id='word_1_321' title='bbox 1535 273 1624 310; x_wconf 84' lang='lat' dir='ltr'>mali</span> <span class='ocrx_word' id='word_1_322' title='bbox 1641 273 1798 310; x_wconf 88' lang='lat' dir='ltr'>Christi-</span> 
     </span>
     <span class='ocr_line' id='line_1_60' title="bbox 1015 319 1804 368; baseline 0.004 -12"><span class='ocrx_word' id='word_1_323' title='bbox 1015 319 1093 363; x_wconf 89' lang='lat' dir='ltr'>ani,</span> <span class='ocrx_word' id='word_1_324' title='bbox 1128 319 1190 366; x_wconf 71' lang='lat' dir='ltr'>qui</span> <span class='ocrx_word' id='word_1_325' title='bbox 1226 324 1451 367; x_wconf 69' lang='lat' dir='ltr'>retorquent</span> <span class='ocrx_word' id='word_1_326' title='bbox 1474 324 1629 368; x_wconf 86' lang='lat' dir='ltr'>peccata</span> <span class='ocrx_word' id='word_1_327' title='bbox 1655 331 1723 358; x_wconf 87' lang='lat' dir='ltr'>sua</span> <span class='ocrx_word' id='word_1_328' title='bbox 1758 320 1804 360; x_wconf 84' lang='lat' dir='ltr'>in</span> 
     </span>
     <span class='ocr_line' id='line_1_61' title="bbox 1015 366 1800 415; baseline 0.004 -12"><span class='ocrx_word' id='word_1_329' title='bbox 1015 368 1148 412; x_wconf 91' lang='lat' dir='ltr'>Deum,</span> <span class='ocrx_word' id='word_1_330' title='bbox 1163 366 1331 404; x_wconf 84' lang='lat' dir='ltr'>diceutes</span> <span class='ocrx_word' id='word_1_331' title='bbox 1353 379 1360 403; x_wconf 84' lang='lat' dir='ltr'>z</span> <span class='ocrx_word' id='word_1_332' title='bbox 1383 369 1569 415; x_wconf 17' lang='lat' dir='ltr'>D-eusjhoc</span> <span class='ocrx_word' id='word_1_333' title='bbox 1589 368 1719 413; x_wconf 78' lang='lat' dir='ltr'>voluit,</span> <span class='ocrx_word' id='word_1_334' title='bbox 1740 369 1800 406; x_wconf 83' lang='lat' dir='ltr'>vel</span> 
     </span>
     <span class='ocr_line' id='line_1_62' title="bbox 1013 414 1800 462; baseline 0.004 -12"><span class='ocrx_word' id='word_1_335' title='bbox 1013 414 1130 450; x_wconf 69' lang='lat' dir='ltr'>stellae</span> <span class='ocrx_word' id='word_1_336' title='bbox 1149 414 1319 451; x_wconf 78' lang='lat' dir='ltr'>fecerunt</span> <span class='ocrx_word' id='word_1_337' title='bbox 1341 426 1399 451; x_wconf 88' lang='lat' dir='ltr'>me</span> <span class='ocrx_word' id='word_1_338' title='bbox 1419 426 1593 462; x_wconf 77' lang='lat' dir='ltr'>peccare;</span> <span class='ocrx_word' id='word_1_339' title='bbox 1615 417 1715 453; x_wconf 87' lang='lat' dir='ltr'>Deus</span> <span class='ocrx_word' id='word_1_340' title='bbox 1735 427 1800 454; x_wconf 89' lang='lat' dir='ltr'>au-</span> 
     </span>
     <span class='ocr_line' id='line_1_63' title="bbox 1015 461 1798 506; baseline 0.004 -8"><span class='ocrx_word' id='word_1_341' title='bbox 1015 463 1089 498; x_wconf 70' lang='lat' dir='ltr'>tem</span> <span class='ocrx_word' id='word_1_342' title='bbox 1112 461 1197 498; x_wconf 70' lang='lat' dir='ltr'>iecit</span> <span class='ocrx_word' id='word_1_343' title='bbox 1220 461 1364 506; x_wconf 79' lang='lat' dir='ltr'>stellas,</span> <span class='ocrx_word' id='word_1_344' title='bbox 1383 466 1419 499; x_wconf 91' lang='lat' dir='ltr'>et</span> <span class='ocrx_word' id='word_1_345' title='bbox 1438 462 1490 499; x_wconf 86' lang='lat' dir='ltr'>sic</span> <span class='ocrx_word' id='word_1_346' title='bbox 1512 465 1611 500; x_wconf 89' lang='lat' dir='ltr'>Deus</span> <span class='ocrx_word' id='word_1_347' title='bbox 1632 463 1717 500; x_wconf 80' lang='lat' dir='ltr'>fecit</span> <span class='ocrx_word' id='word_1_348' title='bbox 1739 475 1798 502; x_wconf 88' lang='lat' dir='ltr'>me</span> 
     </span>
     <span class='ocr_line' id='line_1_64' title="bbox 1017 510 1800 558; baseline 0.005 -13"><span class='ocrx_word' id='word_1_349' title='bbox 1017 520 1184 555; x_wconf 85' lang='lat' dir='ltr'>peccare.</span> <span class='ocrx_word' id='word_1_350' title='bbox 1215 511 1320 546; x_wconf 86' lang='lat' dir='ltr'>False</span> <span class='ocrx_word' id='word_1_351' title='bbox 1342 510 1395 545; x_wconf 90' lang='lat' dir='ltr'>sic</span> <span class='ocrx_word' id='word_1_352' title='bbox 1418 511 1580 556; x_wconf 85' lang='lat' dir='ltr'>impunis</span> <span class='ocrx_word' id='word_1_353' title='bbox 1600 516 1800 558; x_wconf 89' lang='lat' dir='ltr'>peccatum</span> 
     </span>
     <span class='ocr_line' id='line_1_65' title="bbox 1015 557 1800 606; baseline 0.005 -14"><span class='ocrx_word' id='word_1_354' title='bbox 1015 561 1120 594; x_wconf 86' lang='lat' dir='ltr'>tuum</span> <span class='ocrx_word' id='word_1_355' title='bbox 1141 558 1231 594; x_wconf 88' lang='lat' dir='ltr'>Deo.</span> <span class='ocrx_word' id='word_1_356' title='bbox 1260 558 1400 594; x_wconf 87' lang='lat' dir='ltr'>Verum</span> <span class='ocrx_word' id='word_1_357' title='bbox 1430 557 1583 603; x_wconf 72' lang='lat' dir='ltr'>quidem</span> <span class='ocrx_word' id='word_1_358' title='bbox 1612 563 1669 595; x_wconf 87' lang='lat' dir='ltr'>est</span> <span class='ocrx_word' id='word_1_359' title='bbox 1699 560 1800 606; x_wconf 84' lang='lat' dir='ltr'>quod</span> 
     </span>
     <span class='ocr_line' id='line_1_66' title="bbox 1018 605 1796 649; baseline 0.004 -8"><span class='ocrx_word' id='word_1_360' title='bbox 1018 606 1112 641; x_wconf 83' lang='lat' dir='ltr'>Deus</span> <span class='ocrx_word' id='word_1_361' title='bbox 1126 605 1214 641; x_wconf 81' lang='lat' dir='ltr'>fecit</span> <span class='ocrx_word' id='word_1_362' title='bbox 1233 608 1269 641; x_wconf 91' lang='lat' dir='ltr'>et</span> <span class='ocrx_word' id='word_1_363' title='bbox 1292 608 1326 641; x_wconf 93' lang='lat' dir='ltr'>te</span> <span class='ocrx_word' id='word_1_364' title='bbox 1348 608 1385 640; x_wconf 92' lang='lat' dir='ltr'>et</span> <span class='ocrx_word' id='word_1_365' title='bbox 1403 605 1545 649; x_wconf 75' lang='lat' dir='ltr'>stellas,</span> <span class='ocrx_word' id='word_1_366' title='bbox 1559 610 1595 642; x_wconf 85' lang='lat' dir='ltr'>et</span> <span class='ocrx_word' id='word_1_367' title='bbox 1615 607 1694 642; x_wconf 88' lang='lat' dir='ltr'>haec</span> <span class='ocrx_word' id='word_1_368' title='bbox 1715 617 1796 644; x_wconf 90' lang='lat' dir='ltr'>om-</span> 
     </span>
     <span class='ocr_line' id='line_1_67' title="bbox 1016 653 1799 699; baseline 0.004 -11"><span class='ocrx_word' id='word_1_369' title='bbox 1016 653 1079 688; x_wconf 88' lang='lat' dir='ltr'>nia</span> <span class='ocrx_word' id='word_1_370' title='bbox 1100 653 1217 695; x_wconf 88' lang='lat' dir='ltr'>bona·‚</span> <span class='ocrx_word' id='word_1_371' title='bbox 1235 653 1298 688; x_wconf 87' lang='lat' dir='ltr'>sed</span> <span class='ocrx_word' id='word_1_372' title='bbox 1320 653 1419 699; x_wconf 68' lang='lat' dir='ltr'>quod</span> <span class='ocrx_word' id='word_1_373' title='bbox 1442 653 1539 689; x_wconf 89' lang='lat' dir='ltr'>Deus</span> <span class='ocrx_word' id='word_1_374' title='bbox 1558 654 1700 690; x_wconf 76' lang='lat' dir='ltr'>creavit</span> <span class='ocrx_word' id='word_1_375' title='bbox 1723 665 1799 691; x_wconf 90' lang='lat' dir='ltr'>non</span> 
     </span>
     <span class='ocr_line' id='line_1_68' title="bbox 1016 698 1800 747; baseline 0.003 -11"><span class='ocrx_word' id='word_1_376' title='bbox 1016 703 1052 736; x_wconf 89' lang='lat' dir='ltr'>te</span> <span class='ocrx_word' id='word_1_377' title='bbox 1073 698 1174 746; x_wconf 87' lang='lat' dir='ltr'>cogit</span> <span class='ocrx_word' id='word_1_378' title='bbox 1203 700 1249 736; x_wconf 91' lang='lat' dir='ltr'>ad</span> <span class='ocrx_word' id='word_1_379' title='bbox 1279 699 1528 747; x_wconf 85' lang='lat' dir='ltr'>peccandum,</span> <span class='ocrx_word' id='word_1_380' title='bbox 1563 701 1628 737; x_wconf 88' lang='lat' dir='ltr'>sed</span> <span class='ocrx_word' id='word_1_381' title='bbox 1656 701 1800 738; x_wconf 88' lang='lat' dir='ltr'>malitia</span> 
     </span>
     <span class='ocr_line' id='line_1_69' title="bbox 1015 746 1798 795; baseline 0.004 -13"><span class='ocrx_word' id='word_1_382' title='bbox 1015 747 1219 784; x_wconf 85' lang='lat' dir='ltr'>voluntatis</span> <span class='ocrx_word' id='word_1_383' title='bbox 1243 751 1337 792; x_wconf 84' lang='lat' dir='ltr'>tuae;</span> <span class='ocrx_word' id='word_1_384' title='bbox 1367 758 1456 794; x_wconf 80' lang='lat' dir='ltr'>crgo</span> <span class='ocrx_word' id='word_1_385' title='bbox 1476 746 1700 795; x_wconf 87' lang='lat' dir='ltr'>imputando</span> <span class='ocrx_word' id='word_1_386' title='bbox 1723 750 1798 785; x_wconf 91' lang='lat' dir='ltr'>Deo</span> 
     </span>
     <span class='ocr_line' id='line_1_70' title="bbox 1015 797 1798 842; baseline 0.001 -11"><span class='ocrx_word' id='word_1_387' title='bbox 1015 799 1212 842; x_wconf 87' lang='lat' dir='ltr'>peccatum</span> <span class='ocrx_word' id='word_1_388' title='bbox 1231 798 1352 840; x_wconf 88' lang='lat' dir='ltr'>tuum,</span> <span class='ocrx_word' id='word_1_389' title='bbox 1370 799 1409 831; x_wconf 89' lang='lat' dir='ltr'>tu</span> <span class='ocrx_word' id='word_1_390' title='bbox 1425 806 1582 832; x_wconf 82' lang='lat' dir='ltr'>accusas</span> <span class='ocrx_word' id='word_1_391' title='bbox 1602 798 1718 832; x_wconf 87' lang='lat' dir='ltr'>Deum</span> <span class='ocrx_word' id='word_1_392' title='bbox 1733 797 1798 833; x_wconf 83' lang='lat' dir='ltr'>fal-</span> 
     </span>
     <span class='ocr_line' id='line_1_71' title="bbox 1016 843 1800 889; baseline 0.001 -10"><span class='ocrx_word' id='word_1_393' title='bbox 1016 853 1068 879; x_wconf 92' lang='lat' dir='ltr'>se.</span> <span class='ocrx_word' id='word_1_394' title='bbox 1090 844 1196 888; x_wconf 89' lang='lat' dir='ltr'>Item,</span> <span class='ocrx_word' id='word_1_395' title='bbox 1215 843 1288 880; x_wconf 88' lang='lat' dir='ltr'>alio</span> <span class='ocrx_word' id='word_1_396' title='bbox 1312 843 1423 879; x_wconf 67' lang='lat' dir='ltr'>modo</span> <span class='ocrx_word' id='word_1_397' title='bbox 1445 843 1599 889; x_wconf 88' lang='lat' dir='ltr'>quidam</span> <span class='ocrx_word' id='word_1_398' title='bbox 1620 848 1800 880; x_wconf 71' lang='lat' dir='ltr'>accusant</span> 
     </span>
     <span class='ocr_line' id='line_1_72' title="bbox 1018 890 1798 936; baseline 0.003 -10"><span class='ocrx_word' id='word_1_399' title='bbox 1018 892 1134 927; x_wconf 56' lang='lat' dir='ltr'>Deum</span> <span class='ocrx_word' id='word_1_400' title='bbox 1162 891 1268 935; x_wconf 85' lang='lat' dir='ltr'>salse,</span> <span class='ocrx_word' id='word_1_401' title='bbox 1295 890 1382 927; x_wconf 88' lang='lat' dir='ltr'>mali</span> <span class='ocrx_word' id='word_1_402' title='bbox 1410 891 1553 927; x_wconf 76' lang='lat' dir='ltr'>scilicet</span> <span class='ocrx_word' id='word_1_403' title='bbox 1579 891 1798 936; x_wconf 78' lang='lat' dir='ltr'>Christiani,</span> 
     </span>
     <span class='ocr_line' id='line_1_73' title="bbox 1015 938 1800 985; baseline 0.003 -11"><span class='ocrx_word' id='word_1_404' title='bbox 1015 939 1200 975; x_wconf 88' lang='lat' dir='ltr'>habentes</span> <span class='ocrx_word' id='word_1_405' title='bbox 1232 938 1384 985; x_wconf 87' lang='lat' dir='ltr'>quidem</span> <span class='ocrx_word' id='word_1_406' title='bbox 1414 938 1530 974; x_wconf 86' lang='lat' dir='ltr'>fidem</span> <span class='ocrx_word' id='word_1_407' title='bbox 1559 949 1709 984; x_wconf 85' lang='lat' dir='ltr'>veram,</span> <span class='ocrx_word' id='word_1_408' title='bbox 1733 939 1800 976; x_wconf 83' lang='lat' dir='ltr'>sed</span> 
     </span>
     <span class='ocr_line' id='line_1_74' title="bbox 1015 985 1800 1033; baseline 0.003 -11"><span class='ocrx_word' id='word_1_409' title='bbox 1015 985 1234 1031; x_wconf 79' lang='lat' dir='ltr'>informem,</span> <span class='ocrx_word' id='word_1_410' title='bbox 1258 985 1320 1033; x_wconf 91' lang='lat' dir='ltr'>qui</span> <span class='ocrx_word' id='word_1_411' title='bbox 1349 990 1581 1033; x_wconf 81' lang='lat' dir='ltr'>cognoscunt</span> <span class='ocrx_word' id='word_1_412' title='bbox 1609 986 1800 1024; x_wconf 84' lang='lat' dir='ltr'>Christum</span> 
     </span>
     <span class='ocr_line' id='line_1_75' title="bbox 1013 1033 1802 1081; baseline 0.003 -11"><span class='ocrx_word' id='word_1_413' title='bbox 1013 1044 1080 1080; x_wconf 90' lang='lat' dir='ltr'>per</span> <span class='ocrx_word' id='word_1_414' title='bbox 1095 1034 1224 1079; x_wconf 84' lang='lat' dir='ltr'>fidem,</span> <span class='ocrx_word' id='word_1_415' title='bbox 1236 1034 1300 1070; x_wconf 91' lang='lat' dir='ltr'>sed</span> <span class='ocrx_word' id='word_1_416' title='bbox 1315 1033 1618 1081; x_wconf 76' lang='lat' dir='ltr'>non-glorificant</span> <span class='ocrx_word' id='word_1_417' title='bbox 1630 1045 1718 1071; x_wconf 90' lang='lat' dir='ltr'>eum</span> <span class='ocrx_word' id='word_1_418' title='bbox 1733 1045 1802 1081; x_wconf 88' lang='lat' dir='ltr'>per</span> 
     </span>
     <span class='ocr_line' id='line_1_76' title="bbox 1013 1081 1801 1119; baseline 0.003 -2"><span class='ocrx_word' id='word_1_419' title='bbox 1013 1081 1141 1117; x_wconf 81' lang='lat' dir='ltr'>vitam.</span> <span class='ocrx_word' id='word_1_420' title='bbox 1171 1102 1215 1108; x_wconf 94' lang='lat'>—-</span> <span class='ocrx_word' id='word_1_421' title='bbox 1233 1081 1288 1118; x_wconf 84' lang='lat' dir='ltr'>Ad</span> <span class='ocrx_word' id='word_1_422' title='bbox 1310 1082 1625 1118; x_wconf 80' lang='lat' dir='ltr'>conformandum</span> <span class='ocrx_word' id='word_1_423' title='bbox 1647 1093 1686 1119; x_wconf 88' lang='lat' dir='ltr'>se</span> <span class='ocrx_word' id='word_1_424' title='bbox 1712 1082 1801 1119; x_wconf 89' lang='lat' dir='ltr'>huic</span> 
     </span>
     <span class='ocr_line' id='line_1_77' title="bbox 1013 1129 1798 1176; baseline 0.001 -10"><span class='ocrx_word' id='word_1_425' title='bbox 1013 1129 1188 1174; x_wconf 89' lang='lat' dir='ltr'>articulo,</span> <span class='ocrx_word' id='word_1_426' title='bbox 1222 1129 1407 1175; x_wconf 79' lang='lat' dir='ltr'>recogitet</span> <span class='ocrx_word' id='word_1_427' title='bbox 1438 1130 1574 1175; x_wconf 88' lang='lat' dir='ltr'>homo,</span> <span class='ocrx_word' id='word_1_428' title='bbox 1607 1131 1798 1176; x_wconf 84' lang='lat' dir='ltr'>quomodo</span> 
     </span>
     <span class='ocr_line' id='line_1_78' title="bbox 1012 1176 1797 1224; baseline 0.003 -12"><span class='ocrx_word' id='word_1_429' title='bbox 1012 1176 1076 1213; x_wconf 91' lang='lat' dir='ltr'>ille</span> <span class='ocrx_word' id='word_1_430' title='bbox 1098 1177 1160 1223; x_wconf 76' lang='lat' dir='ltr'>qui</span> <span class='ocrx_word' id='word_1_431' title='bbox 1183 1180 1240 1214; x_wconf 88' lang='lat' dir='ltr'>est</span> <span class='ocrx_word' id='word_1_432' title='bbox 1267 1177 1347 1223; x_wconf 80' lang='lat' dir='ltr'>ipsa</span> <span class='ocrx_word' id='word_1_433' title='bbox 1369 1177 1529 1216; x_wconf 76' lang='lat' dir='ltr'>Veritas.</span> <span class='ocrx_word' id='word_1_434' title='bbox 1552 1181 1708 1224; x_wconf 87' lang='lat' dir='ltr'>propter</span> <span class='ocrx_word' id='word_1_435' title='bbox 1728 1189 1797 1214; x_wconf 85' lang='lat' dir='ltr'>nos</span> 
     </span>
     <span class='ocr_line' id='line_1_79' title="bbox 1013 1224 1798 1272; baseline 0.003 -12"><span class='ocrx_word' id='word_1_436' title='bbox 1013 1224 1240 1262; x_wconf 82' lang='lat' dir='ltr'>falsitatibus</span> <span class='ocrx_word' id='word_1_437' title='bbox 1265 1224 1489 1261; x_wconf 80' lang='lat' dir='ltr'>calumniari</span> <span class='ocrx_word' id='word_1_438' title='bbox 1511 1225 1690 1272; x_wconf 85' lang='lat' dir='ltr'>dignatus</span> <span class='ocrx_word' id='word_1_439' title='bbox 1718 1230 1798 1271; x_wconf 87' lang='lat' dir='ltr'>est,</span> 
     </span>
     <span class='ocr_line' id='line_1_80' title="bbox 1012 1272 1799 1321; baseline 0.003 -13"><span class='ocrx_word' id='word_1_440' title='bbox 1012 1276 1052 1309; x_wconf 93' lang='lat' dir='ltr'>ut</span> <span class='ocrx_word' id='word_1_441' title='bbox 1082 1284 1151 1309; x_wconf 87' lang='lat' dir='ltr'>nos</span> <span class='ocrx_word' id='word_1_442' title='bbox 1183 1272 1384 1309; x_wconf 78' lang='lat' dir='ltr'>inveritate</span> <span class='ocrx_word' id='word_1_443' title='bbox 1414 1272 1604 1316; x_wconf 75' lang='lat' dir='ltr'>fundaret,</span> <span class='ocrx_word' id='word_1_444' title='bbox 1636 1276 1799 1321; x_wconf 86' lang='lat' dir='ltr'>tuncque</span> 
     </span>
     <span class='ocr_line' id='line_1_81' title="bbox 1013 1320 1799 1367; baseline 0.003 -11"><span class='ocrx_word' id='word_1_445' title='bbox 1013 1320 1064 1356; x_wconf 90' lang='lat' dir='ltr'>sic</span> <span class='ocrx_word' id='word_1_446' title='bbox 1078 1324 1161 1357; x_wconf 86' lang='lat' dir='ltr'>oret</span> <span class='ocrx_word' id='word_1_447' title='bbox 1174 1336 1181 1357; x_wconf 90' lang='lat'>:</span> <span class='ocrx_word' id='word_1_448' title='bbox 1196 1322 1294 1364; x_wconf 83' lang='lat' dir='ltr'>Jesu,</span> <span class='ocrx_word' id='word_1_449' title='bbox 1307 1322 1373 1367; x_wconf 84' lang='lat' dir='ltr'>qui</span> <span class='ocrx_word' id='word_1_450' title='bbox 1384 1332 1506 1357; x_wconf 78' lang='lat' dir='ltr'>coram</span> <span class='ocrx_word' id='word_1_451' title='bbox 1520 1322 1640 1357; x_wconf 79' lang='lat' dir='ltr'>Pilato</span> <span class='ocrx_word' id='word_1_452' title='bbox 1651 1322 1695 1358; x_wconf 85' lang='lat' dir='ltr'>de</span> <span class='ocrx_word' id='word_1_453' title='bbox 1707 1323 1799 1358; x_wconf 88' lang='lat' dir='ltr'>mul-</span> 
     </span>
     <span class='ocr_line' id='line_1_82' title="bbox 1012 1369 1797 1415; baseline 0 -10"><span class='ocrx_word' id='word_1_454' title='bbox 1012 1371 1060 1405; x_wconf 77' lang='lat' dir='ltr'>tis</span> <span class='ocrx_word' id='word_1_455' title='bbox 1085 1370 1197 1412; x_wconf 84' lang='lat' dir='ltr'>falsis</span> <span class='ocrx_word' id='word_1_456' title='bbox 1224 1379 1246 1404; x_wconf 91' lang='lat' dir='ltr'>a</span> <span class='ocrx_word' id='word_1_457' title='bbox 1272 1369 1408 1405; x_wconf 71' lang='lat' dir='ltr'>Jaclaeis</span> <span class='ocrx_word' id='word_1_458' title='bbox 1435 1371 1604 1405; x_wconf 80' lang='lat' dir='ltr'>accusari</span> <span class='ocrx_word' id='word_1_459' title='bbox 1631 1371 1797 1415; x_wconf 80' lang='lat' dir='ltr'>voluisti,</span> 
     </span>
     <span class='ocr_line' id='line_1_83' title="bbox 1012 1417 1799 1463; baseline 0.003 -12"><span class='ocrx_word' id='word_1_460' title='bbox 1012 1417 1097 1452; x_wconf 77' lang='lat' dir='ltr'>doce</span> <span class='ocrx_word' id='word_1_461' title='bbox 1112 1427 1166 1452; x_wconf 92' lang='lat' dir='ltr'>me</span> <span class='ocrx_word' id='word_1_462' title='bbox 1182 1417 1389 1462; x_wconf 77' lang='lat' dir='ltr'>iniquorum</span> <span class='ocrx_word' id='word_1_463' title='bbox 1404 1417 1582 1460; x_wconf 80' lang='lat' dir='ltr'>fallacias</span> <span class='ocrx_word' id='word_1_464' title='bbox 1596 1419 1747 1463; x_wconf 72' lang='lat' dir='ltr'>evitare,</span> <span class='ocrx_word' id='word_1_465' title='bbox 1765 1421 1799 1454; x_wconf 87' lang='lat' dir='ltr'>et</span> 
     </span>
     <span class='ocr_line' id='line_1_84' title="bbox 1010 1464 1797 1512; baseline 0.003 -13"><span class='ocrx_word' id='word_1_466' title='bbox 1010 1464 1118 1510; x_wconf 76' lang='lat' dir='ltr'>fidem</span> <span class='ocrx_word' id='word_1_467' title='bbox 1143 1465 1390 1501; x_wconf 79' lang='lat' dir='ltr'>Christianam</span> <span class='ocrx_word' id='word_1_468' title='bbox 1418 1465 1518 1501; x_wconf 81' lang='lat' dir='ltr'>bonis</span> <span class='ocrx_word' id='word_1_469' title='bbox 1546 1466 1716 1512; x_wconf 79' lang='lat' dir='ltr'>operibus</span> <span class='ocrx_word' id='word_1_470' title='bbox 1741 1475 1797 1502; x_wconf 86' lang='lat' dir='ltr'>ve-</span> 
     </span>
     <span class='ocr_line' id='line_1_85' title="bbox 1011 1513 1338 1558; baseline 0 -11"><span class='ocrx_word' id='word_1_471' title='bbox 1011 1514 1145 1548; x_wconf 77' lang='lat' dir='ltr'>raciter</span> <span class='ocrx_word' id='word_1_472' title='bbox 1159 1513 1338 1558; x_wconf 77' lang='lat' dir='ltr'>profiteri.</span> 
     </span>
    </p>

    <p class='ocr_par' dir='ltr' id='par_1_5' title="bbox 1007 1560 1799 2804">
     <span class='ocr_line' id='line_1_86' title="bbox 1064 1560 1795 1606; baseline 0.003 -11"><span class='ocrx_word' id='word_1_473' title='bbox 1064 1562 1103 1603; x_wconf 68' lang='lat'>14</span> <span class='ocrx_word' id='word_1_474' title='bbox 1126 1560 1274 1596; x_wconf 70' lang='lat' dir='ltr'>Demsio</span> <span class='ocrx_word' id='word_1_475' title='bbox 1305 1560 1450 1596; x_wconf 68' lang='lat' dir='ltr'>Cnmsw</span> <span class='ocrx_word' id='word_1_476' title='bbox 1478 1571 1570 1597; x_wconf 66' lang='lat' dir='ltr'>Arm)</span> <span class='ocrx_word' id='word_1_477' title='bbox 1603 1561 1795 1606; x_wconf 70' lang='lat' dir='ltr'>HERODEM,</span> 
     </span>
     <span class='ocr_line' id='line_1_87' title="bbox 1011 1618 1797 1653; baseline 0.004 -11"><span class='ocrx_word' id='word_1_478' title='bbox 1011 1618 1249 1644; x_wconf 67' lang='lat' dir='ltr'>nocuussxrun</span> <span class='ocrx_word' id='word_1_479' title='bbox 1270 1619 1412 1644; x_wconf 51' lang='lat' dir='ltr'>norisne</span> <span class='ocrx_word' id='word_1_480' title='bbox 1437 1620 1481 1644; x_wconf 74' lang='lat' dir='ltr'>Ex</span> <span class='ocrx_word' id='word_1_481' title='bbox 1503 1620 1561 1653; x_wconf 75' lang='lat' dir='ltr'>EA,</span> <span class='ocrx_word' id='word_1_482' title='bbox 1583 1620 1693 1645; x_wconf 73' lang='lat' dir='ltr'>ACTUS</span> <span class='ocrx_word' id='word_1_483' title='bbox 1713 1620 1797 1646; x_wconf 68' lang='lat' dir='ltr'>cox-</span> 
     </span>
     <span class='ocr_line' id='line_1_88' title="bbox 1010 1658 1799 1693; baseline 0.004 -3"><span class='ocrx_word' id='word_1_484' title='bbox 1010 1666 1248 1691; x_wconf 69' lang='lat' dir='ltr'>FORMATIONIS</span> <span class='ocrx_word' id='word_1_485' title='bbox 1271 1667 1312 1691; x_wconf 75' lang='grc' dir='ltr'>ΕΤ</span> <span class='ocrx_word' id='word_1_486' title='bbox 1333 1667 1477 1692; x_wconf 65' lang='lat' dir='ltr'>omno.</span> <span class='ocrx_word' id='word_1_487' title='bbox 1502 1677 1547 1682; x_wconf 45' lang='lat' dir='ltr'><em>w</em></span> <span class='ocrx_word' id='word_1_488' title='bbox 1566 1658 1712 1692; x_wconf 79' lang='lat' dir='ltr'>Pilatus</span> <span class='ocrx_word' id='word_1_489' title='bbox 1732 1668 1799 1693; x_wconf 88' lang='lat' dir='ltr'>au-</span> 
     </span>
     <span class='ocr_line' id='line_1_89' title="bbox 1011 1703 1795 1750; baseline 0.003 -12"><span class='ocrx_word' id='word_1_490' title='bbox 1011 1706 1081 1739; x_wconf 90' lang='lat' dir='ltr'>tem</span> <span class='ocrx_word' id='word_1_491' title='bbox 1101 1703 1256 1739; x_wconf 81' lang='lat' dir='ltr'>audiens</span> <span class='ocrx_word' id='word_1_492' title='bbox 1276 1703 1483 1749; x_wconf 80' lang='lat' dir='ltr'>Galilaeam,</span> <span class='ocrx_word' id='word_1_493' title='bbox 1497 1705 1743 1750; x_wconf 62' lang='lat' dir='ltr'>interrogavit</span> <span class='ocrx_word' id='word_1_494' title='bbox 1761 1706 1795 1740; x_wconf 87' lang='lat' dir='ltr'>si</span> 
     </span>
     <span class='ocr_line' id='line_1_90' title="bbox 1009 1751 1794 1798; baseline 0.001 -11"><span class='ocrx_word' id='word_1_495' title='bbox 1009 1752 1116 1787; x_wconf 81' lang='lat' dir='ltr'>Jesus</span> <span class='ocrx_word' id='word_1_496' title='bbox 1138 1752 1240 1787; x_wconf 82' lang='lat' dir='ltr'>homo</span> <span class='ocrx_word' id='word_1_497' title='bbox 1257 1751 1432 1788; x_wconf 74' lang='lat' dir='ltr'>Galilaeus</span> <span class='ocrx_word' id='word_1_498' title='bbox 1451 1755 1554 1788; x_wconf 87' lang='lat' dir='ltr'>esset.</span> <span class='ocrx_word' id='word_1_499' title='bbox 1569 1754 1631 1796; x_wconf 86' lang='lat' dir='ltr'>Et,</span> <span class='ocrx_word' id='word_1_500' title='bbox 1650 1756 1691 1788; x_wconf 84' lang='lat' dir='ltr'>ut</span> <span class='ocrx_word' id='word_1_501' title='bbox 1712 1763 1794 1798; x_wconf 72' lang='lat' dir='ltr'>coq-</span> 
     </span>
     <span class='ocr_line' id='line_1_91' title="bbox 1010 1799 1796 1846; baseline 0.003 -12"><span class='ocrx_word' id='word_1_502' title='bbox 1010 1800 1113 1834; x_wconf 82' lang='lat' dir='ltr'>novit</span> <span class='ocrx_word' id='word_1_503' title='bbox 1134 1799 1232 1845; x_wconf 80' lang='lat' dir='ltr'>quod</span> <span class='ocrx_word' id='word_1_504' title='bbox 1252 1800 1295 1835; x_wconf 84' lang='lat' dir='ltr'>de</span> <span class='ocrx_word' id='word_1_505' title='bbox 1311 1799 1467 1835; x_wconf 84' lang='lat' dir='ltr'>Herodis</span> <span class='ocrx_word' id='word_1_506' title='bbox 1489 1800 1704 1836; x_wconf 76' lang='lat' dir='ltr'>Tetrarchae</span> <span class='ocrx_word' id='word_1_507' title='bbox 1720 1811 1796 1846; x_wconf 81' lang='lat' dir='ltr'>po-</span> 
     </span>
     <span class='ocr_line' id='line_1_92' title="bbox 1012 1846 1795 1894; baseline 0.003 -12"><span class='ocrx_word' id='word_1_508' title='bbox 1012 1849 1141 1883; x_wconf 85' lang='lat' dir='ltr'>testate</span> <span class='ocrx_word' id='word_1_509' title='bbox 1161 1850 1265 1889; x_wconf 69' lang='grc' dir='ltr'><em>εεεθτ,</em></span> <span class='ocrx_word' id='word_1_510' title='bbox 1287 1847 1375 1894; x_wconf 90' lang='lat' dir='ltr'>quia</span> <span class='ocrx_word' id='word_1_511' title='bbox 1394 1846 1433 1883; x_wconf 92' lang='lat' dir='ltr'>in</span> <span class='ocrx_word' id='word_1_512' title='bbox 1455 1847 1612 1884; x_wconf 84' lang='lat' dir='ltr'>Galilaea</span> <span class='ocrx_word' id='word_1_513' title='bbox 1631 1848 1795 1885; x_wconf 86' lang='lat' dir='ltr'>nutritus</span> 
     </span>
     <span class='ocr_line' id='line_1_93' title="bbox 1011 1894 1794 1941; baseline 0.003 -11"><span class='ocrx_word' id='word_1_514' title='bbox 1011 1896 1047 1930; x_wconf 89' lang='lat' dir='ltr'>et</span> <span class='ocrx_word' id='word_1_515' title='bbox 1079 1894 1239 1931; x_wconf 89' lang='lat' dir='ltr'>multum</span> <span class='ocrx_word' id='word_1_516' title='bbox 1272 1898 1514 1932; x_wconf 76' lang='lat' dir='ltr'>conversatus</span> <span class='ocrx_word' id='word_1_517' title='bbox 1542 1895 1625 1941; x_wconf 83' lang='lat' dir='ltr'>suit,</span> <span class='ocrx_word' id='word_1_518' title='bbox 1648 1896 1794 1933; x_wconf 85' lang='lat' dir='ltr'>habens</span> 
     </span>
     <span class='ocr_line' id='line_1_94' title="bbox 1011 1941 1796 1987; baseline 0.001 -9"><span class='ocrx_word' id='word_1_519' title='bbox 1011 1941 1250 1978; x_wconf 75' lang='lat' dir='ltr'>occasionem</span> <span class='ocrx_word' id='word_1_520' title='bbox 1282 1942 1497 1979; x_wconf 83' lang='lat' dir='ltr'>dimittendi</span> <span class='ocrx_word' id='word_1_521' title='bbox 1530 1953 1630 1987; x_wconf 90' lang='lat' dir='ltr'>eum,</span> <span class='ocrx_word' id='word_1_522' title='bbox 1654 1946 1796 1980; x_wconf 84' lang='lat' dir='ltr'>remisit</span> 
     </span>
     <span class='ocr_line' id='line_1_95' title="bbox 1010 1990 1795 2038; baseline 0.003 -12"><span class='ocrx_word' id='word_1_523' title='bbox 1010 2001 1090 2026; x_wconf 87' lang='lat' dir='ltr'>eum</span> <span class='ocrx_word' id='word_1_524' title='bbox 1117 1990 1166 2026; x_wconf 82' lang='lat' dir='ltr'>ad</span> <span class='ocrx_word' id='word_1_525' title='bbox 1191 1991 1382 2035; x_wconf 75' lang='lat' dir='ltr'>Herodem,</span> <span class='ocrx_word' id='word_1_526' title='bbox 1410 1991 1657 2038; x_wconf 83' lang='lat' dir='ltr'>praepositum</span> <span class='ocrx_word' id='word_1_527' title='bbox 1686 1991 1795 2028; x_wconf 89' lang='lat' dir='ltr'>Gali—</span> 
     </span>
     <span class='ocr_line' id='line_1_96' title="bbox 1009 2038 1795 2085; baseline 0.001 -11"><span class='ocrx_word' id='word_1_528' title='bbox 1009 2038 1105 2083; x_wconf 83' lang='lat' dir='ltr'>laeae‚</span> <span class='ocrx_word' id='word_1_529' title='bbox 1129 2039 1194 2084; x_wconf 78' lang='lat' dir='ltr'>qui</span> <span class='ocrx_word' id='word_1_530' title='bbox 1214 2042 1246 2075; x_wconf 89' lang='lat' dir='ltr'>et</span> <span class='ocrx_word' id='word_1_531' title='bbox 1266 2040 1345 2085; x_wconf 81' lang='lat' dir='ltr'>ipse</span> <span class='ocrx_word' id='word_1_532' title='bbox 1363 2040 1598 2085; x_wconf 73' lang='lat' dir='ltr'>Jerosolymis</span> <span class='ocrx_word' id='word_1_533' title='bbox 1619 2043 1697 2075; x_wconf 79' lang='lat' dir='ltr'>erat</span> <span class='ocrx_word' id='word_1_534' title='bbox 1716 2040 1795 2075; x_wconf 83' lang='lat' dir='ltr'>illis</span> 
     </span>
     <span class='ocr_line' id='line_1_97' title="bbox 1009 2086 1794 2134; baseline 0.004 -13"><span class='ocrx_word' id='word_1_535' title='bbox 1009 2086 1151 2131; x_wconf 75' lang='lat' dir='ltr'>diebuS,</span> <span class='ocrx_word' id='word_1_536' title='bbox 1167 2089 1322 2133; x_wconf 89' lang='lat' dir='ltr'>propter</span> <span class='ocrx_word' id='word_1_537' title='bbox 1336 2086 1618 2123; x_wconf 82' lang='lat' dir='ltr'>solemnitatem</span> <span class='ocrx_word' id='word_1_538' title='bbox 1632 2088 1794 2134; x_wconf 89' lang='lat' dir='ltr'>pascha-</span> 
     </span>
     <span class='ocr_line' id='line_1_98' title="bbox 1011 2134 1795 2181; baseline 0.003 -12"><span class='ocrx_word' id='word_1_539' title='bbox 1011 2134 1098 2178; x_wconf 89' lang='lat' dir='ltr'>lem,</span> <span class='ocrx_word' id='word_1_540' title='bbox 1121 2135 1210 2181; x_wconf 89' lang='lat' dir='ltr'>quia</span> <span class='ocrx_word' id='word_1_541' title='bbox 1235 2135 1388 2171; x_wconf 86' lang='lat' dir='ltr'>Judaeus</span> <span class='ocrx_word' id='word_1_542' title='bbox 1415 2137 1527 2171; x_wconf 89' lang='lat' dir='ltr'>natus</span> <span class='ocrx_word' id='word_1_543' title='bbox 1555 2139 1649 2172; x_wconf 90' lang='lat' dir='ltr'>erat.</span> <span class='ocrx_word' id='word_1_544' title='bbox 1681 2136 1795 2172; x_wconf 86' lang='lat' dir='ltr'>Pater</span> 
     </span>
     <span class='ocr_line' id='line_1_99' title="bbox 1009 2181 1793 2230; baseline 0.001 -12"><span class='ocrx_word' id='word_1_545' title='bbox 1009 2181 1112 2218; x_wconf 89' lang='lat' dir='ltr'>enim</span> <span class='ocrx_word' id='word_1_546' title='bbox 1143 2192 1232 2218; x_wconf 70' lang='lat' dir='ltr'>saus</span> <span class='ocrx_word' id='word_1_547' title='bbox 1263 2192 1394 2219; x_wconf 82' lang='lat' dir='ltr'>amore</span> <span class='ocrx_word' id='word_1_548' title='bbox 1424 2182 1548 2218; x_wconf 80' lang='lat' dir='ltr'>uxoris</span> <span class='ocrx_word' id='word_1_549' title='bbox 1583 2193 1678 2227; x_wconf 84' lang='lat' dir='ltr'>suae,</span> <span class='ocrx_word' id='word_1_550' title='bbox 1709 2193 1793 2230; x_wconf 85' lang='lat' dir='ltr'>quae</span> 
     </span>
     <span class='ocr_line' id='line_1_100' title="bbox 1007 2229 1791 2274; baseline 0.003 -9"><span class='ocrx_word' id='word_1_551' title='bbox 1007 2230 1142 2266; x_wconf 77' lang='lat' dir='ltr'>Judaea</span> <span class='ocrx_word' id='word_1_552' title='bbox 1175 2233 1270 2274; x_wconf 88' lang='lat' dir='ltr'>erat,</span> <span class='ocrx_word' id='word_1_553' title='bbox 1294 2229 1484 2266; x_wconf 81' lang='lat' dir='ltr'>transiens</span> <span class='ocrx_word' id='word_1_554' title='bbox 1510 2230 1559 2266; x_wconf 91' lang='lat' dir='ltr'>ad</span> <span class='ocrx_word' id='word_1_555' title='bbox 1584 2230 1698 2267; x_wconf 89' lang='lat' dir='ltr'>ritum</span> <span class='ocrx_word' id='word_1_556' title='bbox 1724 2232 1791 2267; x_wconf 89' lang='lat' dir='ltr'>Ju-</span> 
     </span>
     <span class='ocr_line' id='line_1_101' title="bbox 1009 2276 1792 2323; baseline 0.003 -11"><span class='ocrx_word' id='word_1_557' title='bbox 1009 2276 1160 2322; x_wconf 88' lang='lat' dir='ltr'>daismi‚</span> <span class='ocrx_word' id='word_1_558' title='bbox 1185 2287 1224 2313; x_wconf 90' lang='lat' dir='ltr'>se</span> <span class='ocrx_word' id='word_1_559' title='bbox 1249 2277 1465 2314; x_wconf 88' lang='lat' dir='ltr'>circumcidi</span> <span class='ocrx_word' id='word_1_560' title='bbox 1500 2278 1654 2314; x_wconf 81' lang='lat' dir='ltr'>fecerat.</span> <span class='ocrx_word' id='word_1_561' title='bbox 1677 2277 1792 2323; x_wconf 87' lang='lat' dir='ltr'>Misit,</span> 
     </span>
     <span class='ocr_line' id='line_1_102' title="bbox 1009 2325 1793 2371; baseline 0.003 -11"><span class='ocrx_word' id='word_1_562' title='bbox 1009 2335 1180 2371; x_wconf 80' lang='lat' dir='ltr'>inquam,</span> <span class='ocrx_word' id='word_1_563' title='bbox 1197 2335 1282 2361; x_wconf 89' lang='lat' dir='ltr'>eum</span> <span class='ocrx_word' id='word_1_564' title='bbox 1299 2325 1429 2361; x_wconf 83' lang='lat' dir='ltr'>volens</span> <span class='ocrx_word' id='word_1_565' title='bbox 1448 2325 1584 2362; x_wconf 85' lang='lat' dir='ltr'>Herodi</span> <span class='ocrx_word' id='word_1_566' title='bbox 1607 2327 1793 2362; x_wconf 90' lang='lat' dir='ltr'>honorem</span> 
     </span>
     <span class='ocr_line' id='line_1_103' title="bbox 1009 2372 1791 2420; baseline 0.003 -12"><span class='ocrx_word' id='word_1_567' title='bbox 1009 2373 1173 2418; x_wconf 82' lang='lat' dir='ltr'>deterre,</span> <span class='ocrx_word' id='word_1_568' title='bbox 1203 2376 1242 2409; x_wconf 91' lang='lat' dir='ltr'>ut</span> <span class='ocrx_word' id='word_1_569' title='bbox 1280 2372 1359 2419; x_wconf 87' lang='lat' dir='ltr'>ipse</span> <span class='ocrx_word' id='word_1_570' title='bbox 1397 2372 1572 2410; x_wconf 90' lang='lat' dir='ltr'>dominus</span> <span class='ocrx_word' id='word_1_571' title='bbox 1609 2373 1791 2420; x_wconf 83' lang='lat' dir='ltr'>Galilaeae,</span> 
     </span>
     <span class='ocr_line' id='line_1_104' title="bbox 1009 2419 1790 2467; baseline 0.003 -11"><span class='ocrx_word' id='word_1_572' title='bbox 1009 2419 1205 2457; x_wconf 90' lang='lat' dir='ltr'>hominem</span> <span class='ocrx_word' id='word_1_573' title='bbox 1230 2420 1445 2465; x_wconf 81' lang='lat' dir='ltr'>Galilaeum,</span> <span class='ocrx_word' id='word_1_574' title='bbox 1472 2421 1529 2458; x_wconf 89' lang='lat' dir='ltr'>vel</span> <span class='ocrx_word' id='word_1_575' title='bbox 1561 2421 1790 2467; x_wconf 86' lang='lat' dir='ltr'>absolveret,</span> 
     </span>
     <span class='ocr_line' id='line_1_105' title="bbox 1009 2468 1792 2516; baseline 0.003 -12"><span class='ocrx_word' id='word_1_576' title='bbox 1009 2469 1066 2504; x_wconf 82' lang='lat' dir='ltr'>vel</span> <span class='ocrx_word' id='word_1_577' title='bbox 1101 2468 1300 2505; x_wconf 88' lang='lat' dir='ltr'>damnaret</span> <span class='ocrx_word' id='word_1_578' title='bbox 1329 2480 1337 2505; x_wconf 93' lang='lat'>:</span> <span class='ocrx_word' id='word_1_579' title='bbox 1367 2470 1462 2505; x_wconf 72' lang='lat' dir='ltr'>flans</span> <span class='ocrx_word' id='word_1_580' title='bbox 1495 2470 1710 2516; x_wconf 82' lang='lat' dir='ltr'>exemplum</span> <span class='ocrx_word' id='word_1_581' title='bbox 1744 2480 1792 2506; x_wconf 88' lang='lat' dir='ltr'>ne</span> 
     </span>
     <span class='ocr_line' id='line_1_106' title="bbox 1010 2515 1792 2564; baseline 0.003 -12"><span class='ocrx_word' id='word_1_582' title='bbox 1010 2516 1095 2562; x_wconf 90' lang='lat' dir='ltr'>quis</span> <span class='ocrx_word' id='word_1_583' title='bbox 1116 2516 1249 2552; x_wconf 81' lang='lat' dir='ltr'>falcem</span> <span class='ocrx_word' id='word_1_584' title='bbox 1269 2515 1308 2552; x_wconf 90' lang='lat' dir='ltr'>in</span> <span class='ocrx_word' id='word_1_585' title='bbox 1331 2527 1493 2553; x_wconf 89' lang='lat' dir='ltr'>messem</span> <span class='ocrx_word' id='word_1_586' title='bbox 1508 2521 1544 2554; x_wconf 89' lang='lat' dir='ltr'>et</span> <span class='ocrx_word' id='word_1_587' title='bbox 1563 2521 1792 2564; x_wconf 89' lang='lat' dir='ltr'>potestatem</span> 
     </span>
     <span class='ocr_line' id='line_1_107' title="bbox 1009 2563 1791 2611; baseline 0.003 -11"><span class='ocrx_word' id='word_1_588' title='bbox 1009 2563 1178 2608; x_wconf 74' lang='lat' dir='ltr'>alterius,</span> <span class='ocrx_word' id='word_1_589' title='bbox 1202 2564 1318 2601; x_wconf 87' lang='lat' dir='ltr'>etiam</span> <span class='ocrx_word' id='word_1_590' title='bbox 1345 2564 1502 2610; x_wconf 90' lang='lat' dir='ltr'>inimici,</span> <span class='ocrx_word' id='word_1_591' title='bbox 1533 2565 1724 2611; x_wconf 85' lang='lat' dir='ltr'>immittat,</span> <span class='ocrx_word' id='word_1_592' title='bbox 1754 2570 1791 2602; x_wconf 87' lang='lat' dir='ltr'>et</span> 
     </span>
     <span class='ocr_line' id='line_1_108' title="bbox 1009 2611 1789 2659; baseline 0.004 -12"><span class='ocrx_word' id='word_1_593' title='bbox 1009 2611 1098 2658; x_wconf 86' lang='lat' dir='ltr'>quia</span> <span class='ocrx_word' id='word_1_594' title='bbox 1110 2611 1288 2648; x_wconf 86' lang='lat' dir='ltr'>credebat</span> <span class='ocrx_word' id='word_1_595' title='bbox 1302 2613 1403 2659; x_wconf 90' lang='lat' dir='ltr'>quod</span> <span class='ocrx_word' id='word_1_596' title='bbox 1415 2612 1578 2650; x_wconf 90' lang='lat' dir='ltr'>libenter</span> <span class='ocrx_word' id='word_1_597' title='bbox 1594 2612 1789 2650; x_wconf 86' lang='lat' dir='ltr'>hominem</span> 
     </span>
     <span class='ocr_line' id='line_1_109' title="bbox 1009 2660 1790 2698; baseline 0.001 -3"><span class='ocrx_word' id='word_1_598' title='bbox 1009 2661 1055 2696; x_wconf 88' lang='lat' dir='ltr'>de</span> <span class='ocrx_word' id='word_1_599' title='bbox 1082 2663 1185 2696; x_wconf 90' lang='lat' dir='ltr'>terra</span> <span class='ocrx_word' id='word_1_600' title='bbox 1205 2670 1273 2697; x_wconf 88' lang='lat' dir='ltr'>sua</span> <span class='ocrx_word' id='word_1_601' title='bbox 1298 2664 1334 2696; x_wconf 81' lang='lat' dir='ltr'>ct</span> <span class='ocrx_word' id='word_1_602' title='bbox 1357 2660 1519 2697; x_wconf 84' lang='lat' dir='ltr'>maxime</span> <span class='ocrx_word' id='word_1_603' title='bbox 1549 2660 1790 2698; x_wconf 85' lang='lat' dir='ltr'>innocentem</span> 
     </span>
     <span class='ocr_line' id='line_1_110' title="bbox 1009 2707 1788 2756; baseline 0.001 -12"><span class='ocrx_word' id='word_1_604' title='bbox 1009 2707 1202 2754; x_wconf 84' lang='lat' dir='ltr'>liberaret,</span> <span class='ocrx_word' id='word_1_605' title='bbox 1225 2711 1261 2744; x_wconf 88' lang='lat' dir='ltr'>et</span> <span class='ocrx_word' id='word_1_606' title='bbox 1280 2719 1326 2744; x_wconf 89' lang='lat' dir='ltr'>ne</span> <span class='ocrx_word' id='word_1_607' title='bbox 1341 2713 1473 2745; x_wconf 83' lang='lat' dir='ltr'>contra</span> <span class='ocrx_word' id='word_1_608' title='bbox 1487 2719 1587 2753; x_wconf 86' lang='lat' dir='ltr'>eum,</span> <span class='ocrx_word' id='word_1_609' title='bbox 1608 2719 1720 2756; x_wconf 88' lang='lat' dir='ltr'>quem</span> <span class='ocrx_word' id='word_1_610' title='bbox 1735 2707 1788 2744; x_wconf 86' lang='lat' dir='ltr'>in-</span> 
     </span>
     <span class='ocr_line' id='line_1_111' title="bbox 1009 2755 1787 2804; baseline -0.001 -12"><span class='ocrx_word' id='word_1_611' title='bbox 1009 2758 1156 2793; x_wconf 88' lang='lat' dir='ltr'>sontem</span> <span class='ocrx_word' id='word_1_612' title='bbox 1175 2759 1211 2793; x_wconf 89' lang='lat' dir='ltr'>et</span> <span class='ocrx_word' id='word_1_613' title='bbox 1224 2766 1292 2804; x_wconf 88' lang='lat' dir='ltr'>per</span> <span class='ocrx_word' id='word_1_614' title='bbox 1305 2755 1485 2794; x_wconf 88' lang='lat' dir='ltr'>invidiam</span> <span class='ocrx_word' id='word_1_615' title='bbox 1507 2756 1684 2793; x_wconf 89' lang='lat' dir='ltr'>traditum</span> <span class='ocrx_word' id='word_1_616' title='bbox 1699 2765 1787 2802; x_wconf 86' lang='lat' dir='ltr'>cog-</span> 
     </span>
    </p>
   </div>
  </div>
 </body>
</html>
