1924 3157
510 126 560 159 DE
597 125 759 161 SEXTA,
800 126 842 158 IN
882 125 1097 160 PASSIONE
1139 126 1312 160 llOillNl.
1695 126 1735 157 95

100 198 165 234 bet
199 200 365 233 montem
403 195 509 242 Sion,
547 200 584 232 ct
609 195 797 241 dependet
829 196 876 232 ab

95 244 177 292 ipso
204 245 285 291 eJus
318 242 477 280 latitudo
512 248 647 280 contra
670 243 876 288 Orientem,
916 259 917 280 ;

96 302 216 338 usque
237 291 283 328 ad
303 294 511 327 torrentem
530 291 692 333 Cedron,
708 292 786 327 sive
798 291 875 327 val·
916 290 917 330 ἕ

96 338 169 376 lem
195 339 391 384 Josaphat.
415 338 516 375 Situs
537 349 627 385 ergo
648 337 808 374 civitatis
829 338 875 375 ab

89 385 230 423 Κῦεῖνο
253 388 307 423 es't
331 386 512 430 elevatus,
536 386 713 422 similiter
730 396 799 432 pei·
818 389 875 421 to-

96 436 173 471 tum
208 434 307 470 latus
346 433 557 470 Occidentis
576 445 584 478 ;
626 437 663 470 et
704 433 743 469 in
771 437 875 477 parte

93 481 262 518 Orientis
283 480 438 518 omnino
459 484 518 517 est
536 481 739 524 demissus,
763 480 816 516 ita
837 483 877 516 ut

93 530 229 565 sordes
249 528 429 573 civitatis,
456 532 627 574 tempore
648 527 797 575 pluviae,
819 528 878 564 ‹le-

93 577 277 613 scendaut
307 587 375 623 per
407 580 555 622 portam
592 574 874 622 sterquiliniiin

95 626 304 660 torrentem
331 623 491 660 Cedron.

142 675 163 707 3
193 673 318 708 Ducit
354 672 510 707 Cunisro
537 682 648 707 vixrii
670 681 738 706 CUM
763 681 872 706 FELLE

94 730 242 755 MIXTUM.
264 738 310 745 --
331 719 435 754 Nunc
462 729 553 764 ergo
574 717 747 764 conspice
778 729 869 765 ope-

92 767 212 803 rarios
235 765 358 802 malos
381 765 548 811 undique
580 765 756 811 nequiter
779 777 870 812 ope-

91 813 183 851 rari.
210 815 359 850 Intuere
382 813 583 859 diligenter
601 813 763 859 singula.
785 824 870 859 quie

91 863 187 898 liunt
207 866 340 897 contra
359 862 561 897 Dominum
583 865 703 904 tuum,
726 864 763 896 et
784 872 869 907 qum

91 908 296 953 dicuntur3
318 911 355 945 ct
391 918 474 954 quse
504 910 601 944 liunt
636 909 683 944 ab
714 907 809 954 ipso,
832 912 869 945 et

90 966 159 1003 per
179 957 316 1002 ipsum,
337 958 372 992 et
388 955 447 992 his
467 959 546 992 toto
562 955 700 992 mentis
718 956 867 992 intuitui

87 1003 222 1040 exhibe
250 1006 286 1039 te
317 1007 561 1049 praesentem.
584 1004 721 1039 Videas
752 1003 868 1049 igitur

89 1050 209 1087 oculis
223 1050 361 1086 mentis
376 1050 471 1086 alios
492 1061 577 1086 cum
590 1049 867 1087 vidissenteum

86 1097 304 1144 fatigatum,
329 1097 401 1134 sibi
439 1098 562 1134 adhuc
598 1097 792 1134 irridere:
820 1101 868 1134 Et
908 1131 909 1143 ἢ

87 1146 231 1181 dubunt
261 1147 294 1181 ei
331 1146 450 1181 bibere
470 1147 595 1181 rimam
621 1147 867 1191 myrrhatum,

87 1192 166 1230 sive
185 1203 272 1229 cum
291 1194 380 1236 felle
396 1194 569 1238 mixtum,
586 1192 623 1228 in
651 1194 722 1230 hoe
753 1193 867 1229 etiam

85 1239 269 1277 interiora
284 1239 492 1277 dulcissimi
513 1240 663 1276 Domini
682 1240 867 1283 amarica-

85 1298 127 1325 re
138 1289 322 1333 volentes,
333 1291 370 1324 et
382 1299 488 1324 suam
501 1287 794 1324 amaritudinem
803 1289 870 1325 ‘de-

77 1335 288 1373 mrante's.
311 1338 359 1372 Et
376 1336 447 1372 hoc
467 1336 596 1372 vinum
614 1337 864 1382 myrrhatum,

85 1383 296 1420 secundum
316 1384 551 1426 Matthaeum,
568 1395 647 1419 cum
667 1388 865 1429 manasset,

85 1481 239 1523 stemus,
260 1478 354 1515 nihil
391 1479 508 1515 distat
544 1477 768 1525 simpliciter
796 1490 864 1525 gu-

85 1529 201 1571 stare,
223 1530 261 1563 et
284 1537 361 1562 non
385 1526 540 1569 hibere,
564 1529 762 1562 sedunum
781 1527 864 1572 qui-

85 1573 172 1610 dem
196 1576 233 1610 et
252 1573 353 1610 idem
375 1573 606 1620 significant.
635 1576 696 1618 Et,
723 1585 864 1610 secun-
903 1600 905 1612 .

903 1643 905 1652 ,
938 1620 1016 1656 bat.
1039 1621 1083 1656 Et
1100 1623 1188 1655 tunc
1203 1629 1341 1665 corpus
1361 1619 1455 1664 ejus,
1472 1622 1550 1654 tam
1569 1618 1724 1663 elegan-

903 1688 904 1697 κ
938 1670 996 1703 ter
1011 1667 1421 1713 formatum,apparuit
1442 1669 1564 1701 totum
1580 1676 1724 1701 cruen-

85 1621 175 1658 dum
196 1622 378 1666 Marcum,
398 1632 470 1657 non
487 1622 639 1667 accepit,
659 1621 696 1657 id
719 1626 863 1658 estnon

84 1667 195 1713 bibit,
217 1669 275 1705 vel
303 1679 380 1705 non
400 1668 543 1705 scilicet
563 1668 730 1715 perfecte
747 1672 788 1706 ut
811 1669 864 1705 bi-

83 1716 212 1761 beret3
237 1716 340 1764 quod
358 1715 460 1752 enim
481 1719 680 1763 gustamus
705 1727 783 1752 non
804 1727 862 1753 ac-

82 1763 261 1810 cipimus,
283 1764 372 1811 quia
392 1774 469 1800 non
488 1762 698 1810 trajicimus
712 1763 807 1800 illud
824 1764 863 1800 in

82 1822 235 1858 corpus,
255 1812 321 1848 sed
341 1811 468 1848 statIm
479 1810 686 1858 rejicimus.
707 1811 863 1858 Aliquid

82 1859 331 1906 ergoaecepit
348 1859 396 1896 ad
410 1859 639 1905 gustandum
654 1860 860 1906 modicum,

82 1909 124 1943 ut
158 1908 258 1954 quod
293 1908 474 1953 scriptum
502 1909 584 1943 erat
622 1907 860 1953 impleretur,

81 1953 226 1991 scilicet
249 1966 258 1991 :
281 1957 330 1991 Et
351 1955 531 1991 dederunt
551 1957 590 1990 in
611 1965 728 1990 escam
745 1966 862 1991 meam

81 2003 148 2047 fel,
175 2005 209 2038 et
234 2004 275 2038 in
294 2004 361 2039 siti
380 2013 459 2038 mea
485 2005 709 2048 potaverunt
737 2013 792 2038 me
812 2014 862 2038 a-

83 2053 158 2086 ceto
174 2062 185 2093 ‚-
206 2053 244 2086 et
262 2049 453 2096 quiaillud
472 2050 575 2096 quod
590 2049 780 2086 modicum
790 2054 861 2095 est,

84 2097 192 2144 quasi
213 2097 309 2133 nihil
331 2101 544 2145 reputatur,
566 2097 652 2134 ideo
679 2098 752 2134 hoc
775 2097 864 2134 dici-

81 2147 145 2181 tur
161 2145 263 2191 quod
278 2156 349 2181 non
369 2147 523 2192 accepit,
545 2145 690 2182 scilicet
707 2146 755 2182 ad
775 2155 862 2192 per-

83 2192 180 2229 fecte
196 2192 421 2235 bibendum,
440 2192 529 2239 quia
549 2193 698 2229 felleam
720 2193 861 2230 amari·
900 2227 902 2238 ,

82 2239 255 2277 tudinem
275 2240 495 2277 hominibus
515 2239 637 2277 dulcis
671 2243 708 2277 et
734 2244 861 2277 rectus

82 2287 268 2324 Dominus
296 2298 507 2333 numquam
532 2287 756 2336 acceptavit.
778 2288 860 2333 Vel,

81 2346 162 2372 cum
184 2338 385 2381 qustasset,
404 2335 443 2372 id
463 2340 520 2372 est
538 2336 594 2372 ori
609 2335 860 2383 apposuisset,

80 2383 202 2419 noluit
230 2384 364 2428 bibe-re,
389 2386 546 2430 propter
576 2384 651 2420 duo
680 2394 689 2419 z
714 2383 860 2430 primo,

79 2433 120 2467 ut
141 2430 409 2467 ostenderetur
441 2430 623 2478 iniquitas
655 2431 770 2468 talem
790 2441 862 2478 po-

78 2481 160 2514 tum
182 2477 497 2524 propinantium;
526 2478 706 2524 secundo,
735 2482 777 2515 ut
808 2478 861 2515 si-

79 2525 331 2571 gnificaretur
350 2525 532 2562 velocitas
558 2525 862 2562 Resurrectionis

79 2572 212 2618 ipsius.
248 2574 352 2609 Unde
387 2573 585 2618 Greyorius
611 2586 619 2611 z
645 2588 664 2607 «
691 2573 862 2610 Gustavit

79 2620 223 2664 vinum,
252 2621 320 2657 sed
343 2620 466 2657 noluit
486 2620 632 2666 bibere,
654 2621 742 2667 quia
759 2631 861 2657 mor-

81 2666 132 2704 tis
156 2668 475 2713 amaritudinem,
509 2679 623 2715 quam
644 2672 862 2715 gustaturus

80 2718 163 2769 erat
183 2719 498 2754 momentaneam
517 2719 554 2753 et
572 2716 646 2753 cito
669 2715 709 2753 in
730 2716 861 2754 dulce-

86 2763 215 2802 dinem
256 2765 554 2803 convertandam
593 2763 859 2813 significabat;

954 195 1066 231 tertia
1086 196 1184 231 ciiiin
1204 195 1262 231 die
1284 198 1567 231 resurrecturus
1586 197 1680 229 erat.
1713 209 1728 227 ι)

955 243 1058 279 Unde
1097 246 1134 278 et
1169 245 1442 287 Hieronymus:
1467 254 1484 275 «
1516 243 1591 277 lloc
1621 245 1729 277 aceto

952 300 1085 326 succus
1113 289 1262 326 lethalis
1290 289 1390 336 pomi
1418 287 1667 333 abstergitur3
1694 292 1730 324 et

952 348 1026 373 non
1049 338 1193 382 accepit
1209 337 1244 372 id
1267 347 1333 383 pro
1355 348 1430 383 quo
1451 336 1605 383 patitur,
1627 336 1729 373 unde

914 385 916 429 ξ
951 385 998 420 de
1022 395 1066 420 co
1090 384 1228 420 dicitur
1248 397 1258 418 .·
1280 385 1365 427 Qua‘
1384 396 1456 420 non
1490 386 1614 430 rapui,
1641 388 1728 420 cunc

914 440 916 475 ζ
949 432 1194 468 eoesolrebam.
1214 444 1231 464 »
1250 432 1387 467 Vinum
1408 432 1643 478 myrrhatum
1658 433 1727 467 Do-

914 485 915 492 *
949 478 1052 515 mino
1074 478 1266 532 propinat.
1287 478 1349 524 qui
1370 479 1535 515 haereses
1558 479 1628 515 sub
1649 479 1730 524 pal-

949 526 999 563 lio
1012 526 1182 563 veritatis
1197 526 1326 569 docet3
1341 530 1488 562 acetum
1506 530 1630 562 autem
1646 536 1730 562 cuin

948 574 1036 610 selle
1066 573 1221 610 mixtum
1254 574 1412 609 Domino
1443 573 1632 626 propinat,
1665 574 1727 619 qui

912 612 913 642 ³
948 621 995 657 de
1015 621 1112 657 male
1132 620 1326 667 acquisitis
1348 621 1507 656 Domino
1526 620 1730 657 sacrificat.

948 670 1025 705 Hoc
1055 668 1170 705 etiam
1203 667 1314 712 lacit,
1346 667 1409 713 qui
1444 669 1616 703 membra
1650 668 1731 713 ejus

946 715 1266 753 amaritudinibus
1290 714 1438 760 aflligit.
1464 716 1508 751 Et
1530 715 1730 751 universa-

946 763 1033 800 liter
1053 763 1182 800 x‘inum
1199 763 1448 810 myrrhatum,
1464 762 1521 798 vel
1541 772 1625 797 cum
1644 761 1729 797 felle

909 823 911 858 j
945 813 1117 856 mixtum,
1142 815 1198 847 cst
1227 812 1370 847 bonum
1399 820 1492 854 opus
1513 820 1598 846 cuin
1618 810 1730 855 culpa

909 865 911 885 ³
945 860 1096 898 factum,
1116 858 1205 905 quia
1225 860 1322 894 sicut
1336 856 1526 893 modicum
1549 857 1727 904 myrrhae,

944 907 1003 943 vel
1032 906 1144 950 fellis,
1173 907 1313 943 honum
1340 905 1471 941 vinum
1498 904 1726 950 corrumpit;

908 965 909 969 ¹
944 955 997 990 sie
1029 954 1220 990 modicum
1249 954 1368 1000 culpic
1402 952 1574 989 mortalis
1608 955 1727 988 totum

942 1002 1085 1038 bonum
1105 1012 1200 1048 opus
1221 1000 1395 1038 destruit.

991 1053 1011 1093 ά
1053 1051 1244 1085 ὃῐόιιΛΊ-ιο
1279 1049 1426 1086 Cunisri
1456 1059 1548 1083 Am:
1576 1058 1727 1091 cnccffli,

942 1107 1158 1132 nocuumm
1178 1108 1222 1132 nx
1242 1107 1299 1139 EA,
1323 1107 1434 1132 ACTL'S
1456 1102 1728 1132 CONBORMATIO-
1785 1105 1793 1110 ·

907 1146 910 1169 ²
943 1155 1001 1180 Nis
1031 1155 1073 1179 ET
1105 1155 1248 1180 onmo.
1275 1142 1414 1180 Videas
1443 1145 1480 1179 et
1505 1137 1600 1178 alios
1623 1153 1728 1188 qua>-

943 1202 1016 1238 que
1046 1191 1094 1229 ad
1126 1192 1198 1227 hoc
1232 1201 1327 1245 opus
1359 1189 1572 1227 necessaria
1603 1190 1727 1233 dispo-

908 1250 909 1272 ι
943 1250 1049 1284 nere,
1072 1243 1109 1275 et
1129 1238 1224 1275 alios
1241 1249 1364 1286 ipsum
1383 1237 1559 1284 spoliare.
1585 1238 1728 1284 Spolia-

942 1290 1004 1323 tur
1017 1287 1145 1333 itaque
1157 1286 1234 1323 suis
1247 1285 1430 1329 vestibus,
1449 1289 1487 1321 et
1504 1284 1551 1321 ad
1569 1285 1727 1331 pudoris

942 1336 1146 1371 tumultum
1166 1333 1279 1370 etiam
1299 1333 1559 1377 femoralibus,
1578 1336 1726 1381 utien-
1764 1341 1782 1352 ¹>

906 1380 909 1423 J
940 1383 988 1418 tis
1006 1385 1042 1418 et
1068 1381 1200 1429 frigori
1227 1384 1437 1428 exponatur
1463 1381 1599 1417 nudus.
1624 1381 1724 1426 Spo-

87 1432 210 1467 noluz't
236 1431 369 1476 bibere,
398 1431 500 1476 quia,
522 1434 563 1466 ut
591 1430 682 1467 dicit
708 1433 866 1477 Chryso·
906 1469 907 1475 ,

905 1481 907 1509 i
940 1483 1174 1514 renovantur
1196 1476 1234 1513 in
1256 1488 1300 1513 eo
1321 1477 1521 1519 fracturae3
1542 1474 1631 1521 quia
1654 1486 1724 1510 ve-

904 1531 906 1548 *
939 1524 1007 1561 stis
1032 1524 1204 1567 interior,
1227 1527 1382 1570 propter
1402 1522 1629 1569 sanguinem
1658 1524 1724 1558 lla·

940 1426 1197 1466 Iratur'affte‘m
1220 1439 1305 1465 cum
1329 1427 1491 1465 maximo
1518 1427 1664 1473 dolore,
1689 1430 1726 1464 et

939 1571 1152 1619 gellationis
1189 1571 1339 1608 fortiter
1368 1570 1518 1618 corpori
1551 1570 1723 1606 adliaere-

939 1717 1060 1751 tatum
1081 1719 1117 1751 et
1141 1713 1326 1751 livoribus
1349 1712 1552 1758 repletum.
1575 1713 1616 1748 In
1639 1713 1724 1749 hoc-

939 1761 1068 1808 etiam,
1091 1762 1269 1808 apparuit
1295 1759 1488 1797 Passionis
1515 1760 1596 1806 ejus
1619 1759 1726 1807 igno-

939 1808 1073 1854 minia,
1096 1809 1205 1858 quod,
1237 1810 1360 1845 nudus
1401 1811 1460 1846 est
1495 1806 1722 1853 crucifixus;

939 1858 1026 1904 quia
1048 1858 1119 1894 hoc
1135 1867 1214 1893 non
1228 1856 1272 1893 fit
1287 1855 1360 1892 nisi
1375 1855 1551 1903 personis
1565 1855 1724 1902 abjectis

938 1908 975 1941 et
994 1904 1144 1942 vilibus.
1170 1905 1197 1941 Ο
1219 1909 1386 1951 quantus
1406 1903 1517 1939 dolor
1533 1906 1617 1939 erat
1637 1902 1723 1947 tibi,

937 1953 1058 1989 Mater
1089 1951 1348 1996 sanctissima,
1375 1961 1462 1987 cum
1495 1950 1619 1987 oculis
1647 1950 1723 1987 tuis

937 2000 1127 2046 aspiceres
1142 1999 1234 2036 ista!
1252 2001 1360 2036 Nunc
1379 1998 1484 2046 enim
1496 1997 1622 2044 primo
1638 2009 1725 2034 con-

937 2049 1103 2095 spiciens
1124 2049 1247 2084 Mater
1265 2058 1334 2084 sua
1355 2046 1491 2083 Filium
1510 2045 1565 2082 sie
1588 2045 1725 2082 vulne-

936 2100 1063 2133 ratum
1091 2100 1129 2132 et
1155 2094 1396 2142 dispositum,
1425 2094 1558 2131 dolore
1586 2093 1724 2130 mentis

937 2143 1056 2180 nimio
1079 2142 1280 2189 affligitur.
1303 2142 1493 2179 Tristatur
1512 2146 1640 2178 autem
1659 2151 1723 2177 su-

936 2202 1007 2239 pra
1027 2191 1198 2236 modum,
1218 2191 1308 2237 quia
1335 2200 1424 2227 eum
1446 2188 1550 2225 videt
1570 2189 1624 2224 sic
1644 2199 1722 2225 nu—

938 2240 1083 2276 datum.
1104 2239 1303 2276 Accelerat
1320 2236 1437 2284 igitur
1458 2238 1593 2281 Mater,
1609 2239 1647 2272 et
1667 2235 1724 2272 Fi-

937 2286 988 2323 lio
1023 2297 1092 2323 suo
1124 2285 1378 2333 approximat,
1400 2295 1446 2321 ac
1476 2284 1559 2320 velo
1590 2282 1724 2332 capitis

938 2334 995 2382 sui
1017 2344 1104 2371 eum
1128 2333 1248 2382 cingit
1269 2336 1307 2369 et
1327 2332 1442 2374 velat.
1461 2330 1723 2378 Oi't's'quanta

936 2380 1196 2418 amaritudine
1234 2383 1292 2417 est
1325 2390 1426 2416 nunc
1465 2379 1593 2416 anima
1626 2379 1718 2415 sua!

937 2431 1019 2466 Non
1046 2429 1160 2465 credo
1189 2428 1290 2474 quod
1317 2428 1475 2464 verbum
1502 2427 1627 2464 facere
1653 2436 1718 2472 po-

937 2478 1085 2513 tuisset.
1112 2476 1248 2512 Diffcrt
1279 2478 1407 2512 autem
1432 2474 1502 2511 iste
1535 2473 1721 2511 articulus

938 2523 1227 2571 exspoliationis
1243 2523 1290 2559 ab
1305 2522 1465 2559 articulo
1482 2521 1671 2558 exutionis
1684 2521 1721 2557 in

939 2571 1221 2617 flagellatione;
1245 2570 1334 2617 quia
1362 2570 1412 2606 ibi
1448 2570 1658 2606 exuebatur
1685 2569 1721 2604 in

938 2619 1120 2666 praetorio
1141 2629 1269 2655 coram
1292 2617 1459 2654 Prceside
1481 2620 1518 2653 et
1545 2616 1621 2653 suis
1643 2615 1717 2651 mi-

900 2671 902 2685 ²
938 2666 1082 2712 nistris,
1108 2666 1169 2702 hic
1196 2669 1323 2703 autem
1346 2665 1385 2701 in
1413 2665 1563 2712 publico
1592 2673 1721 2700 coram

939 2714 1042 2752 omni
1082 2713 1245 2761 populo;
1286 2713 1392 2757 item,
1426 2711 1476 2749 ibi
1513 2711 1722 2748 exuebatur

900 2757 903 2795 ’τ
938 2762 1212 2810 rcinduendus,
1247 2760 1309 2799 hic
1345 2763 1472 2799 autem
1513 2767 1719 2807 numquam
