1924 3157
191 158 248 192 110
305 193 311 197 ,
628 154 834 188 SECUNDAE
871 155 1030 189 PARTlS
1070 154 1205 188 CAPUT
1242 153 1358 187 LXIII

192 236 357 271 namque
384 223 524 260 similes
552 223 719 260 crucifixi
742 236 749 260 :
774 224 840 260 sed
867 236 963 261 unus

192 273 231 309 in
251 283 360 309 cruce
382 271 626 316 blasphemus
648 271 768 317 pejor,
797 272 892 308 alter
910 276 965 308 est

193 320 426 357 consessione
442 318 758 364 Martyreffectus.
782 319 875 363 Quia
897 330 965 366 per

193 366 426 413 Baptismum
439 376 511 410 quo
529 376 610 401 oum
628 370 842 412 peccatores
862 378 963 403 esse-

193 425 276 450 mus
302 412 492 449 abluimur
521 423 528 448 :
557 412 635 457 alii,
661 413 749 449 dum
778 416 894 450 Deam
924 413 964 449 in

193 471 304 496 carne
331 469 497 505 passum.
525 459 613 500 fide,
640 471 719 506 spe,
747 464 784 496 et
809 461 965 497 caritate

193 507 362 550 laudaut,
378 511 624 551 coronantur;
644 507 721 551 alii,
740 508 830 543 dum
845 512 906 543 aut
926 508 967 543 fi-

193 555 279 591 dem
309 558 374 590 aut
398 564 514 600 opera
550 555 788 599 Baptismatis
824 556 964 590 habere

195 604 374 645 renuunt,
396 602 495 637 dono
513 602 613 646 quod
634 606 872 647 acceperunt,
895 601 969 646 pri-

194 653 331 684 vantur
348 659 357 683 ι
374 661 391 681 »
406 649 485 684 haee
495 649 605 684 Beda.
623 649 729 691 Quod
744 653 857 684 etiam
872 650 967 684 alter

195 695 388 732 latronum
402 696 677 739 murmurabat,
699 697 794 732 alter
815 707 902 739 non,
919 696 967 731 si-

195 743 351 789 gnificat
374 742 475 788 quod
503 742 785 779 tribulationem
809 743 870 778 alii
893 753 965 788 pa-

194 790 335 826 tienter
355 789 603 833 sustinent,et
624 800 800 826 coronam
821 800 966 825 meren-

195 842 270 881 tur,
294 836 356 873 alii
383 847 457 872 non
495 836 681 872 sustinent
703 837 903 883 patienter,
928 839 965 872 et

195 883 479 922 damnationem
516 888 812 929 consequuntur.
864 884 966 920 Unde

196 933 241 968 de
261 930 544 976 impatientibus
564 930 616 966 sic
636 931 685 966 ait
705 933 809 976 Huqo
832 942 840 966 :
862 945 881 963 «
903 930 966 965 bi-

195 982 284 1015 cunt
307 979 478 1014 homines
503 977 652 1023 quando
673 988 824 1024 poenam
848 977 968 1014 susti-

195 1029 286 1062 nent
314 1036 322 1060 ε
347 1024 385 1061 Si
414 1024 694 1069 meruissemus,
725 1036 803 1065 non
830 1027 966 1061 erube-

196 1082 387 1109 sceremus
406 1083 414 1115 ;
435 1082 532 1107 nunc
553 1075 678 1107 autem
716 1072 855 1119 injuste
890 1071 968 1119 pati

199 1123 235 1157 et
263 1119 345 1155 sine
381 1120 502 1163 culpa,
539 1119 648 1155 nobis
674 1119 970 1165 ignominiosum

201 1171 270 1203 est.
294 1168 372 1202 Iino
407 1176 496 1201 vero
524 1165 555 1201 si
591 1177 656 1211 pro
678 1166 787 1213 culpa
813 1167 970 1213 pateris,

201 1215 403 1256 erubesee;
422 1213 453 1248 si
473 1213 553 1249 sine
566 1213 687 1259 culpa,
708 1214 882 1259 gloriare.
902 1216 970 1250 La-

198 1264 257 1298 tro
280 1260 400 1306 magis
421 1261 476 1295 vis
507 1271 603 1304 esse,
631 1271 743 1306 quam
777 1262 969 1305 Cliristus;

200 1313 237 1345 et
254 1310 349 1345 t'orte
370 1307 520 1343 sinister
540 1311 575 1343 et
592 1308 886 1354 blasphemator,
898 1319 973 1344 non

199 1356 407 1392 consessor.
429 1356 481 1390 Tu
499 1354 600 1390 enim
620 1366 687 1401 pro
709 1356 818 1401 culpa
833 1355 974 1402 pateris

202 1407 238 1439 et
264 1403 412 1448 culpam
433 1402 620 1447 agnoscis,
644 1406 681 1438 et
705 1403 877 1439 Judicem
899 1414 975 1439 non

201 1449 393 1486 veneraris
417 1460 425 1484 :
450 1462 466 1481 n
487 1450 566 1484 haec
587 1451 703 1493 Hui-10.

250 1500 293 1541 24
316 1498 534 1532 Docunaxm
546 1508 627 1532 rma
644 1509 687 1532 Ex
707 1508 894 1533 1LLrs10NE
912 1508 975 1532 LA-

205 1556 334 1580 Tnox1s
349 1555 499 1579 SINISTRI
519 1555 560 1578 ET
582 1556 725 1579 ontxrio.
744 1564 778 1569 —-
802 1544 978 1581 Conside-

204 1603 247 1628 ra
270 1602 369 1627 nunc
399 1601 511 1636 quam
539 1591 664 1637 magni
685 1592 882 1638 despectus
907 1591 978 1627 fuit

204 1639 332 1675 illusio
355 1637 513 1674 latronis
535 1638 693 1682 sinistri,
715 1649 758 1675 eo
781 1639 881 1684 quod
899 1642 976 1675 tam

206 1686 288 1722 vilis
321 1688 357 1722 et
383 1685 589 1721 sceleratus
611 1686 738 1730 homo,
766 1691 802 1722 et
830 1687 908 1732 jam
930 1687 978 1722 ad

208 1738 371 1770 mortem
404 1732 619 1774 damnatus,
646 1736 681 1769 et
710 1744 882 1779 moxpro
902 1733 978 1769 suis

208 1779 428 1816 vulneribus
452 1779 657 1816 moriturus
675 1779 867 1816 insultavit
893 1780 978 1816 vitae

208 1826 377 1864 Auctori.
400 1847 443 1852 —
462 1828 512 1861 Ex
530 1827 601 1862 hoc
618 1828 774 1863 articulo
792 1827 980 1864 illusionis

207 1876 366 1911 latronis
400 1874 560 1910 habetur
591 1874 857 1910 documentum
892 1875 978 1921 tale,

209 1922 308 1968 quod
326 1921 514 1957 discamus
532 1922 700 1967 exemplo
724 1922 860 1958 Christi
882 1923 980 1958 calu-

209 1969 332 2006 mnias
348 1967 490 2004 etiama
502 1967 635 2004 vilibus
650 1970 822 2015 personis
833 1970 978 2015 patien-

208 2021 267 2052 ter
293 2019 530 2062 supportare.
559 2017 666 2060 Item,
688 2020 745 2052 est
776 2017 979 2053 documen-

208 2067 288 2100 tum
309 2063 348 2099 in
371 2064 516 2098 latrone
539 2063 682 2108 dextro,
705 2064 804 2109 quod
822 2064 980 2110 injurias

213 2111 279 2147 Dei
302 2110 891 2155 nullatenustoleraredebemus,
913 2112 980 2148 sed

214 2158 496 2203 reprehendere
526 2157 622 2193 sicut
658 2158 747 2194 fecit
777 2159 873 2194 latro
893 2159 979 2195 iste.

211 2205 597 2248 ltem,documentum
609 2210 678 2247 est,
697 2210 983 2251 quantumcum-

209 2264 281 2299 que
307 2254 423 2288 simus
444 2252 617 2288 scelerati
638 2257 864 2298 peccatores,
883 2259 982 2290 atta-

209 2311 295 2336 men
319 2300 364 2335 de
392 2298 457 2335 Dei
482 2299 983 2338 misericordia,nullatenus

210 2348 468 2393 ‹le-peremtis,
490 2347 658 2393 exemplo
685 2347 792 2384 istius
812 2354 982 2394 peccato-

209 2394 276 2437 ris,
314 2393 391 2440 qui,
427 2397 468 2429 ut
500 2393 589 2429 (licit
623 2395 870 2441 Auqzcstinus,
912 2407 981 2442 per

211 2451 328 2477 unum
348 2441 505 2476 verbum
523 2441 642 2477 factus
668 2445 725 2478 est
742 2443 850 2479 heres
870 2454 982 2489 para-

212 2488 296 2523 disi.
317 2509 351 2513 -—
370 2488 426 2523 Ad
443 2488 755 2525 conformandum
770 2501 810 2526 se
824 2491 910 2526 huic
927 2502 984 2527 ar-

211 2534 341 2578 tivuto,
364 2535 532 2570 attendat
551 2536 663 2571 homo
685 2537 924 2584 documenta,
947 2542 985 2575 et

213 2585 308 2623 oret,
328 2581 487 2617 dicendo
517 2593 525 2616 ε
553 2584 650 2626 Jesu,
669 2586 733 2628 qui
762 2586 830 2620 teba·
845 2586 891 2620 ab
914 2597 982 2621 uno

212 2631 395 2665 luti-onum
425 2630 642 2674 eoeprobrarz'
666 2635 698 2665 et
717 2632 762 2666 ab
783 2633 857 2668 alio
878 2644 982 2669 vvene-

211 2677 383 2711 rabiliter
401 2678 563 2720 confiteri
582 2678 744 2720 voluisti,
762 2680 824 2721 fac
842 2691 896 2715 me
914 2691 982 2726 pro

213 2726 268 2760 tui
283 2724 440 2759 nominis
449 2725 569 2767 gloria
586 2726 832 2769 7nali9no7'wn
846 2729 982 2774 impro-

212 2772 317 2822 peria
341 2781 481 2818 semper
507 2773 762 2818 aequanimiter
786 2777 981 2821 sustinere;

1038 228 1071 260 et
1091 235 1169 260 cum
1189 225 1253 259 illo
1271 224 1411 259 latrone
1422 223 1622 259 venerabili
1635 221 1812 269 paradisi

1038 272 1176 317 ῃαιιιΙία
1198 271 1398 316 possidere.

1087 323 1128 355 25
1149 319 1360 354 Pnffisssxrm
1377 320 1416 354 B.
1439 318 1568 354 MAmAE
1580 318 1642 361 V.,
1656 319 1811 353 JOANNIS

1040 378 1080 401 ΕΤ
1102 377 1295 402 MULIERUM.
1317 384 1363 392 —
1382 366 1426 400 Et
1446 365 1564 401 multa
1589 364 1662 401 alia
1682 362 1811 400 convi-

1038 415 1091 449 tia
1109 412 1283 448 dicebaut
1302 417 1391 448 tunc
1412 411 1615 455 maledicti,
1638 410 1701 457 qui
1721 410 1810 446 ade-

1039 465 1126 496 rant
1155 460 1295 495 ibidem
1326 458 1484 496 Domino
1511 460 1614 502 Jesu,
1636 462 1674 494 et
1695 455 1811 493 sacie-

1040 509 1142 544 bant.
1164 509 1246 553 lpse
1266 517 1354 542 vero
1380 506 1521 542 doeens
1542 516 1610 541 nos
1630 504 1669 540 in
1691 503 1812 541 tribu-

1040 555 1179 591 latione
1199 555 1340 590 babere
1361 552 1582 598 patientiam
1612 554 1649 588 et
1673 561 1811 598 perse-

1039 601 1263 645 verantiam,
1284 599 1529 636 nihilominus
1546 599 1815 646 perseverabat

1040 653 1077 686 et
1095 649 1339 695 permanebat
1372 649 1409 683 in
1430 657 1541 683 cruce
1561 656 1683 692 usque
1702 644 1742 681 in
1762 644 1813 681 fi-

1041 707 1141 739 nem,
1160 700 1202 731 ut
1216 695 1407 732 diabolum
1418 705 1573 741 prorsus
1587 694 1814 737 destrueret,

1040 750 1078 780 et
1103 743 1222 790 spolia
1244 754 1310 779 sua
1331 742 1365 778 ei
1383 742 1564 778 auferret.
1588 741 1725 777 Omnia
1743 750 1814 792 au·

1040 795 1116 828 tem
1138 793 1207 826 ista
1227 790 1404 826 dicuntur
1424 793 1461 826 et
1487 789 1597 833 fiunt,
1614 787 1815 824 moestissl-

1041 849 1103 875 ma
1133 840 1249 874 Matre
1288 848 1355 873 sua
1387 839 1576 883 praesente
1611 847 1620 871 ε
1661 835 1819 887 Stabant

1041 886 1143 922 enim
1170 885 1283 930 Juaeta
1305 895 1442 920 crucem
1466 886 1551 919 Jesu
1578 885 1694 918 mater
1724 891 1818 926 ejus,

1041 937 1075 969 et
1095 943 1195 968 soror
1214 933 1344 967 matris
1362 932 1440 976 ejus
1454 931 1578 967 Maria
1599 930 1774 975 Cleophae‚
1787 930 1822 963 et

1042 982 1164 1016 Maria
1176 979 1392 1022 Maqdalene
1403 988 1485 1014 curn
1494 979 1512 1014 J
1517 987 1640 1013 oanne
1648 975 1819 1023 apostolo

1044 1028 1151 1072 eujus
1172 1025 1298 1062 Matris
1322 1026 1531 1072 compossio
1563 1024 1725 1060 multum
1745 1033 1821 1060 au-

1044 1075 1263 1121 gmentabat
1275 1073 1367 1110 Filio
1384 1072 1596 1119 passionem
1612 1083 1622 1116 ;
1645 1074 1683 1107 et
1701 1081 1722 1107 e
1734 1080 1821 1107 con-

1043 1133 1152 1158 verso
1179 1121 1261 1166 ipsa
1295 1130 1380 1156 cum
1407 1119 1499 1156 Filio
1522 1120 1562 1155 in
1583 1129 1695 1155 cruce
1725 1127 1819 1164 pen-

1047 1170 1160 1206 debat
1181 1167 1335 1204 mentali
1362 1167 1507 1212 dolore,
1527 1170 1563 1203 et
1591 1165 1718 1212 potius
1741 1165 1821 1201 ele-

1047 1217 1162 1264 gis-et
1185 1226 1269 1251 cum
1290 1215 1369 1262 ipso
1392 1215 1501 1259 mori,
1524 1224 1637 1260 quam
1657 1211 1821 1259 amplius

1047 1264 1186 1300 vivere.
1210 1263 1315 1299 Unde
1342 1262 1551 1298 Bernardus
1579 1276 1587 1298 :
1618 1274 1638 1294 ‹<
1659 1261 1686 1297 Ο
1722 1261 1822 1297 hone

1047 1313 1149 1354 Jesu,
1170 1320 1308 1356 magna
1332 1309 1473 1355 pateris
1491 1307 1655 1345 exterius
1672 1307 1712 1343 in
1739 1317 1822 1343 cor-

1048 1368 1140 1405 pore
1158 1369 1166 1402 ;
1187 1360 1252 1393 sed
1279 1357 1395 1392 multo
1420 1357 1566 1403 majora
1596 1355 1755 1391 interius
1780 1353 1820 1406 in

1050 1405 1177 1449 corde,
1198 1415 1241 1440 ex
1266 1404 1527 1450 compassione
1547 1405 1676 1439 Matris
1695 1411 1824 1438 omma

1049 1457 1173 1489 tecum
1193 1450 1472 1498 participantis!
1499 1464 1531 1484 »-
1552 1451 1633 1487 haee
1666 1452 1823 1486 Bernar-

1051 1499 1316 1545 das.Undique
1331 1502 1420 1537 sunt
1439 1499 1637 1545 angustiae,
1656 1496 1823 1542 undique

1051 1550 1140 1584 sunt
1164 1550 1353 1582 tormenta
1370 1549 1407 1581 et
1425 1556 1572 1593 poenae3
1603 1543 1735 1581 sentiri
1756 1553 1825 1590 po-

1051 1597 1217 1638 tuerunt,
1251 1592 1398 1629 narrari
1432 1604 1508 1629 non
1532 1594 1708 1640 possunt.
1747 1592 1827 1628 Sta-

1054 1643 1117 1679 bat
1134 1641 1251 1677 Maria
1272 1651 1358 1676 cum
1390 1640 1528 1677 ceteris
1545 1641 1653 1687 juxta
1671 1648 1824 1675 crucem

1053 1700 1225 1736 corpore,
1245 1688 1310 1724 sed
1330 1688 1371 1723 in
1402 1698 1515 1724 eruce
1534 1691 1615 1723 tota
1640 1686 1827 1732 migrave-

1052 1741 1112 1773 rat
1143 1738 1280 1772 mente.
1321 1737 1403 1771 Non
1438 1735 1633 1771 avertebat
1653 1733 1784 1770 oculos
1804 1743 1827 1770 a

1053 1784 1160 1827 Filio,
1188 1782 1478 1828 angustiabatur
1502 1787 1543 1819 ut
1560 1781 1656 1828 ipse,
1685 1785 1723 1817 et
1743 1784 1824 1817 toto

1054 1831 1167 1867 corde
1185 1832 1318 1870 orabat
1345 1832 1495 1866 Patrem
1519 1840 1585 1875 pro
1608 1840 1667 1874 eo,
1693 1831 1731 1865 et
1756 1827 1826 1864 Fi-

1053 1879 1125 1914 lius
1146 1877 1320 1914 similiter
1341 1878 1474 1914 orabat
1496 1887 1564 1923 pro
1593 1878 1725 1912 Matre.
1749 1876 1827 1912 Un-

1054 1926 1099 1962 do
1123 1926 1338 1961 Ambrosius
1360 1937 1369 1961 ε
1403 1939 1422 1958 «
1450 1924 1695 1970 Fugientibus
1719 1924 1829 1970 Apo-

1055 1973 1173 2017 stolis,
1193 1972 1311 2008 Maria
1345 1976 1432 2008 ante
1462 1982 1611 2008 crucem
1631 1971 1768 2016 stabat,
1791 1973 1831 2006 et

1054 2020 1127 2067 piis
1162 2020 1356 2066 spectabat
1387 2020 1505 2056 oculis
1526 2019 1607 2055 Filii
1639 2019 1827 2055 vulnera:

1056 2067 1143 2113 quia
1166 2068 1406 2114 exspectabat
1434 2078 1510 2104 non
1533 2067 1705 2114 pignoris
1725 2075 1829 2102 mor-

1055 2119 1146 2160 tem,
1166 2117 1231 2151 sed
1258 2114 1388 2150 mundi
1408 2115 1586 2157 salutem;
1611 2117 1676 2151 aut
1693 2113 1829 2149 fortas-

1057 2173 1109 2206 se,
1127 2162 1215 2208 quia
1234 2166 1462 2209 cognoverat
1475 2173 1544 2210 per
1564 2161 1649 2198 Filii
1666 2163 1831 2197 mortem

1056 2209 1187 2246 mundi
1212 2209 1524 2256 redemptionem.
1566 2210 1652 2246 aula
1686 2207 1829 2256 regalis

1055 2258 1212 2304 putabat
1237 2267 1276 2293 se
1296 2260 1334 2293 et
1353 2268 1420 2293 sua
1438 2260 1560 2293 morte
1580 2255 1729 2303 publico
1747 2265 1832 2291 mu-

1056 2304 1138 2340 neri
1171 2303 1314 2350 aliquid
1351 2305 1581 2341 addituram.
1622 2303 1695 2341 Sed
1720 2303 1833 2339 Jesus
1861 2313 1864 2347 ῑ

1056 2362 1134 2388 non
1155 2353 1289 2398 egebat
1307 2351 1479 2399 adjutore
1500 2352 1548 2388 ad
1564 2350 1733 2387 omnium
1749 2349 1834 2386 red-
1858 2351 1863 2391 l

1057 2399 1298 2445 emptionem.
1337 2412 1355 2433 »
1391 2399 1496 2435 Unde
1536 2402 1573 2435 et
1611 2399 1834 2443 Chrysosto-
1856 2394 1860 2408 ¹

1056 2457 1162 2482 mus:
1185 2460 1204 2479 «
1222 2448 1262 2482 In
1283 2446 1463 2483 Passione
1484 2445 1624 2482 Christi
1643 2446 1716 2481 duo
1730 2444 1834 2480 vide-

1057 2493 1114 2529 bis
1134 2494 1288 2529 altaria:
1311 2504 1428 2530 unum
1450 2495 1488 2530 in
1512 2498 1664 2540 pectore
1685 2491 1829 2535 Mariae,

1057 2541 1160 2576 aliud
1181 2540 1218 2576 Tn‘
1239 2541 1375 2578 Christi
1396 2552 1533 2586 carne3
1561 2539 1732 2578 Christus
1749 2549 1831 2575 car-

1056 2599 1156 2633 nem,
1192 2590 1307 2625 Beata
1342 2590 1460 2625 Maria
1493 2587 1716 2625 immolabat
1754 2585 1834 2623 ani-

1057 2645 1170 2671 mam.
1194 2635 1306 2681 Optat
1327 2636 1480 2682 quidem
1503 2635 1584 2682 ipsa
1611 2634 1659 2672 ad
1682 2632 1835 2679 sangui-

1057 2693 1144 2717 nem
1179 2682 1259 2718 Filii
1291 2684 1431 2719 addere
1461 2683 1686 2728 sanguinem
1711 2680 1836 2717 carnis

1058 2739 1150 2773 suae,
1173 2733 1210 2766 et
1236 2740 1321 2767 curn
1347 2730 1508 2767 Domino
1529 2731 1620 2767 Jesu
1646 2726 1836 2776 corporali

1058 2779 1180 2814 morte
1200 2778 1472 2826 redemptionis
1492 2780 1630 2815 nostrae
1652 2786 1836 2814 consum-
