1924 3157
156 193 217 228 124

155 276 254 311 rum,
281 270 318 302 et
345 265 374 302 si
406 263 630 302 insanabilia
653 263 752 309 passi
783 275 927 309 sumus,
962 267 966 310 ἓ

157 313 324 349 videntes
351 324 415 349 eos
443 312 601 348 interfici
633 313 850 358 flectimur3
892 313 928 349 hi

155 371 242 396 vero
265 371 386 407 neque
412 359 449 395 in
478 359 534 396 his
570 370 652 406 quae
675 360 850 397 videbant
869 361 930 396 sa-
964 353 966 367 '

156 409 202 443 cti
230 412 313 443 sunt
333 407 531 451 mansueti,
554 407 620 443 sed
635 407 838 444 saeviebant
858 419 932 444 ma-
964 405 966 441 f

155 454 211 500 gis
230 459 263 490 et
289 454 472 490 insaniam
499 454 745 491 intendebant.
765 459 801 490 et
823 466 931 502 spon·
965 462 967 466 '

156 501 253 546 giam
289 501 490 538 afferentes
525 506 629 538 aceto
667 503 873 549 potabant:
912 516 929 533 n
965 531 968 551 ,

156 550 235 584 liaec
263 549 549 593 Clii'ysostomus.
579 550 696 595 Unde,
727 551 930 585 secundnm
966 554 968 596 t

155 597 373 640 Remmium,
395 596 466 642 ipsi
485 597 603 633 Judaei
631 601 737 632 erant
770 601 931 640 acetum,
965 597 968 643 ἶ

156 642 430 689 degenerantes
457 655 478 680 a
516 655 601 680 vino
630 644 932 680 Patrinrchariim
965 647 969 680 l

156 695 193 726 et
216 691 487 737 Prophetarum
511 691 547 727 in
566 698 726 735 acetum,
757 691 793 726 id
819 696 874 726 est
896 693 931 726 in
966 681 969 717 ³

157 737 337 773 malitiam
366 743 402 774 et
441 738 714 784 crudelitatem,
754 740 932 774 habentes

157 785 399 822 fraudulenta
425 786 553 829 corda,
592 797 697 832 quasi
736 785 931 831 spongiaiii

155 842 369 868 cavernosis
396 837 505 879 :itque
540 833 718 868 tortuosis
757 832 931 868 latibulis.

157 879 210 916 Ob
233 880 302 915 hoc
326 880 519 925 signanter
546 880 591 915 sel
627 890 710 915 cnm
738 884 842 915 aceto
865 879 934 914 sibi

155 932 415 979 porrexerunt.
442 931 479 962 ut
503 929 538 962 in
565 927 740 962 omnibus
762 926 933 962 sensibus

156 984 277 1019 ipsum
310 973 558 1009 amaritudine
600 974 817 1019 replerent:
853 974 932 1020 J'am

157 1031 258 1056 enim
288 1023 429 1056 velatus
467 1021 588 1056 suerat
627 1021 757 1063 oculis,
801 1025 934 1056 contra

158 1066 249 1113 ligni
277 1068 378 1103 vetiti
405 1077 599 1113 procacem
622 1067 819 1112 visionem,
855 1070 933 1114 Jam

158 1115 327 1150 maxillas
339 1117 419 1162 ejus
439 1115 574 1161 pugnis
589 1116 825 1160 attriverant,
844 1126 933 1151 con-

161 1165 219 1198 tra
251 1165 348 1206 pomi
382 1163 483 1198 vetiti
515 1162 825 1205 masticationem,
862 1164 933 1207 jain

158 1210 292 1245 collum
316 1210 396 1255 ‹›J'us
413 1209 780 1256 alapiscaeciderant,
801 1215 935 1246 contra

159 1257 230 1293 cibi
249 1257 351 1292 vetiti
375 1257 660 1303 traj-·ctionem;
682 1258 801 1293 solnm
821 1262 935 1293 restu-

159 1304 224 1340 bat
250 1315 291 1340 os
318 1309 353 1340 et
373 1315 482 1340 nares
507 1305 690 1352 affligere,
713 1308 749 1340 et
768 1305 852 1340 ideo
875 1315 936 1340 na-

159 1361 221 1386 res
238 1351 371 1387 Christi
386 1352 605 1398 affligebant
619 1356 695 1387 tam
710 1354 934 1388 cadaverum

160 1398 307 1439 foetore,
331 1409 444 1444 quam
471 1401 565 1434 aceti
607 1400 736 1441 odore,
773 1410 814 1434 os
846 1410 934 1434 vero

163 1445 396 1491 affligebant,
427 1445 524 1481 fellis
553 1445 818 1483 amaritudine.
855 1448 935 1492 Ipse

161 1503 250 1527 vero
274 1496 421 1529 acetum
445 1494 594 1538 quidem
619 1493 775 1539 accepit,
798 1504 872 1529 non
898 1497 937 1529 ut

159 1539 326 1583 biberem
350 1541 416 1576 sed
435 1539 614 1586 gustavit,
636 1545 674 1576 nt
689 1540 934 1586 Scripturam,

160 1597 224 1622 seu
247 1589 344 1632 qnod
376 1587 555 1634 scriptum
580 1591 674 1631 erat,
697 1587 933 1634 adimptvret.

160 1634 203 1670 Et
231 1633 318 1680 quia
346 1636 420 1678 Eli,
455 1636 514 1670 Eli
539 1637 778 1678 clamaverat,
807 1635 935 1680 ceteri,

159 1685 288 1728 potum
323 1682 354 1718 ei
380 1683 527 1726 dantes,
549 1683 742 1719 dicebant:
772 1684 870 1725 Sine,
899 1683 936 1718 id

161 1733 213 1764 est
235 1734 421 1775 exspecta,
443 1730 645 1774 videamus,
687 1741 753 1775 per
772 1730 937 1773 ‘experi-

162 1781 344 1819 mentum,
359 1788 406 1812 cm
420 1779 542 1812 veniat
554 1779 656 1812 Elias
671 1778 830 1812 liberans
844 1789 934 1812 eum.

161 1823 254 1866 Quia
274 1834 361 1859 vero
389 1835 516 1860 vocent
535 1823 681 1859 Domini
702 1825 796 1860 male
818 1824 937 1860 intel-

160 1871 327 1906 lexerant
354 1882 361 1906 ε
391 1882 465 1906 uon
499 1871 597 1906 enim
638 1871 737 1915 Etiae,
762 1875 825 1907 sed
864 1874 936 1907 Deo

160 1918 400 1963 loquebatur,
420 1918 504 1955 ideo
526 1920 665 1954 trustra
702 1923 738 1953 et
775 1918 937 1954 inaniter

161 1965 362 2001 adventum
403 1965 488 2001 Eliae
529 1967 808 2012 exspectabant.
846 1968 937 2002 Ecce

162 2012 282 2057 qui-ilis
303 2023 410 2048 coena
427 2013 586 2048 dabatur
605 2013 760 2049 Domino
784 2018 935 2055 nosti-02

160 2059 254 2094 hora
279 2064 402 2096 auten]
434 2061 512 2105 jam
549 2060 736 2102 coenandi,
772 2061 835 2096 sed
860 2071 936 2107 prae

162 2105 288 2142 labore
313 2111 348 2142 et
377 2107 507 2143 dolore
528 2118 602 2143 non
627 2112 718 2152 petit
747 2108 847 2143 aliud
869 2119 935 2154 pro

160 2164 266 2188 coena
285 2153 357 2189 nisi
377 2159 521 2200 potum,
553 2159 589 2190 et
614 2154 680 2189 tilii
702 2155 839 2191 diaboli
864 2156 936 2190 dt»-

162 2200 297 2236 derunt
317 2211 350 2237 ei
379 2212 446 2247 pro
474 2201 555 2237 cibo
588 2202 649 2245 fel,
679 2207 714 2237 et
757 2214 820 2246 pro
850 2207 936 2246 potu

161 2251 320 2284 acetum.
343 2248 371 2284 Ο
405 2260 471 2284 nos
499 2248 657 2285 miseri!
695 2249 786 2293 Quid
819 2249 937 2286 l‘acie-

162 2305 256 2339 mus,
279 2297 340 2341 qui
361 2295 469 2332 aliter
488 2307 651 2340 coenare,
682 2300 718 2332 et
737 2296 847 2333 aliter
864 2308 936 2343 po-

162 2345 241 2377 tare
261 2342 446 2387 volumus,
469 2348 504 2379 et
525 2343 678 2380 delicias
705 2344 936 2390 quaerimus?

160 2389 281 2433 Certe,
309 2389 338 2424 si
367 2390 468 2426 mille
503 2392 610 2427 annis
630 2392 743 2427 homo
779 2391 933 2434 viveret,

159 2438 197 2471 et
223 2435 390 2482 quotidie
410 2439 447 2472 in
461 2448 555 2484 pane
571 2439 933 2485 etaquajejunaret‚

159 2484 309 2518 unicam
331 2487 455 2519 tamen
477 2485 738 2522 coenamillam
750 2486 937 2522 sufficien-

160 2533 216 2564 ter
236 2540 480 2575 compensare
514 2543 586 2567 non
611 2537 748 2578 posset.
774 2534 934 2569 Verum-
968 2557 969 2560 =

162 2580 301 2621 tamen,
324 2580 385 2623 qui
409 2583 530 2623 potest
549 2590 682 2626 capere
698 2581 831 2626 capiat,
849 2580 936 2626 quia
966 2583 970 2589 ’

161 2623 277 2659 durus
311 2629 365 2660 est
394 2625 450 2660 hic
469 2636 590 2661 sermo
612 2638 676 2670 pro
696 2627 933 2671 carnatibu53

161 2670 292 2706 etideo
314 2682 385 2706 non
400 2672 560 2716 sapiunt,
581 2684 646 2708 nec
665 2675 830 2710 sentiunt
851 2685 934 2710 cnm

162 2727 227 2763 sap
246 2728 294 2754 »re
317 2729 400 2764 quae
430 2719 493 2754 Dci
516 2725 614 2762 sunt,
639 2725 676 2756 et
712 2722 933 2757 consolatio·
966 2735 967 2738 ¹

161 2764 404 2801 nesiiitei·nas
419 2770 606 2802 amittunt.
621 2768 724 2810 Quia.
744 2769 772 2803 si
788 2776 934 2804 acetum
965 2766 968 2802 ἓ

162 2812 318 2848 Domino
343 2818 585 2859 propinatum
605 2815 650 2850 ad
680 2819 843 2851 mentem
866 2827 932 2852 re-

588 194 809 230 SECUNDAE
847 195 1002 232 PARTIS
1041 195 1176 229 CAPUT
1215 193 1330 228 LXIII

1006 264 1199 307 ducerent,
1228 262 1265 298 in
1290 261 1372 299 cibo
1395 266 1429 299 et
1455 266 1543 310 potu
1579 266 1783 311 quantum-

1006 321 1164 356 cumque
1188 309 1247 345 vili
1269 320 1441 356 saporem
1462 311 1688 350 invenirent.
1715 314 1784 350 Un-

1008 360 1052 395 de
1079 358 1310 394 Bernartius:
1334 370 1351 391 «
1378 359 1456 394 Non
1478 362 1534 394 est
1563 359 1669 396 cibus
1689 362 1783 397 adeo

1007 405 1148 448 aridus,
1172 404 1232 450 qui
1256 415 1331 440 non
1358 405 1544 442 efficiatur
1562 406 1729 453 sapidus,
1752 407 1784 444 si

1008 452 1106 489 itlius
1125 451 1219 487 aceti
1242 453 1339 497 quod
1357 454 1596 498 propinatum
1622 459 1679 490 est
1698 465 1785 491 con-

1009 500 1174 535 dimento
1210 499 1321 534 fuerit
1347 503 1592 546 temperatus.
1632 501 1667 537 Si
1695 512 1786 548 ergo

1008 547 1112 583 cibus
1133 558 1175 583 ex
1199 547 1343 582 defectu
1365 547 1465 585 salis.
1496 548 1552 583 vel
1580 547 1654 584 alia
1675 559 1786 586 causa

1008 594 1121 630 suerit
1138 593 1204 630 tibi
1225 593 1420 637 insipidus,
1444 605 1518 630 non
1548 605 1712 641 apponas
1732 595 1785 632 ibi

1010 642 1078 685 sal,
1101 642 1155 677 v··l
1180 641 1460 678 condimentum
1477 641 1602 686 aliud3
1624 645 1687 678 secl
1704 653 1786 689 pro-

1009 692 1092 736 pter
1112 689 1300 726 Christum
1324 689 1408 725 felle
1429 693 1464 725 et
1484 699 1589 725 aceto
1617 693 1786 735 putatum

1011 736 1243 772 sensualitati
1281 736 1445 780 resistas,
1483 736 1652 783 cogitans
1688 738 1787 783 quod

1010 794 1075 830 pro
1097 783 1255 829 peccatis
1279 783 1352 820 tuis
1370 783 1407 819 in
1428 795 1524 831 pane
1544 789 1580 820 et
1601 795 1700 830 aqua
1718 785 1786 820 ab-

1010 833 1147 866 stinere
1169 832 1294 874 debes,
1320 837 1356 866 et
1385 832 1483 877 quod
1509 831 1612 867 multi
1636 842 1784 877 pinpe-

1010 889 1069 914 res
1097 878 1165 914 sibi
1191 878 1263 913 ista
1287 882 1505 924 reputarent
1540 878 1588 914 ad
1619 878 1785 923 delicias,

1010 929 1046 961 et
1073 930 1160 960 tunc
1182 925 1369 961 videbitur
1390 925 1456 961 tibi
1499 935 1638 971 magna
1666 926 1787 972 gratia

1010 971 1151 1018 aliquid
1173 973 1354 1018 adjecisse
1375 973 1422 1008 ad
1442 973 1520 1008 haee
1543 975 1634 1019 ipsa.
1656 986 1674 1005 η

1057 1023 1100 1063 45
1133 1021 1349 1055 Docriffixm
1383 1032 1402 1055 E
1440 1031 1637 1056 POTATIONE
1669 1031 1785 1065 acen,

1011 1078 1118 1103 ACTcs
1133 1078 1437 1103 CONFORMATIONIS
1460 1079 1502 1103 ΕΤ
1519 1079 1722 1104 onAT10.—
1739 1064 1788 1104 Ex

1012 1116 1081 1150 hoc
1099 1114 1254 1151 articulo
1277 1115 1477 1161 potationis
1500 1115 1609 1158 aceti,
1632 1118 1786 1152 trahun-

1012 1165 1073 1197 tur
1095 1165 1202 1209 ptura
1230 1164 1465 1198 documenta.
1504 1162 1669 1198 Primum
1691 1162 1788 1198 acci-

1015 1209 1149 1254 piendo
1172 1209 1243 1245 ista
1279 1210 1434 1255 mystice
1462 1211 1498 1245 in
1535 1211 1632 1246 buno
1663 1220 1787 1253 sensu,

1014 1257 1107 1292 sicut
1128 1257 1246 1293 Jwiaei
1266 1263 1301 1293 et
1324 1257 1460 1293 milites
1482 1258 1599 1293 multa
1621 1257 1789 1294 fecerunt

1014 1305 1113 1340 mala
1135 1304 1358 1349 intentione,
1387 1315 1468 1351 qnae
1497 1309 1623 1340 tamen
1650 1312 1786 1352 myste-

1012 1362 1107 1387 rium
1126 1352 1210 1387 boni
1235 1354 1342 1387 nohis
1364 1351 1587 1398 important;
1605 1357 1642 1388 et
1659 1363 1789 1388 secun-

1012 1398 1100 1434 dnm
1127 1400 1196 1434 ho:
1223 1400 1403 1435 docemur
1429 1399 1501 1442 liic,
1527 1399 1627 1445 quod
1658 1405 1694 1435 et
1720 1410 1788 1436 nos

1015 1445 1137 1481 vinuin
1161 1446 1381 1486 devotionis,
1403 1446 1608 1482 admixtum
1637 1447 1788 1493 myrrha

1014 1493 1314 1529 mortificationis
1335 1495 1471 1537 carnis,
1494 1497 1530 1529 et
1549 1494 1632 1529 felle
1649 1503 1787 1530 amarae

1012 1540 1311 1586 compunctionis
1332 1542 1477 1577 Christo
1503 1540 1704 1587 propinare
1723 1541 1787 1577 de—

1013 1588 1144 1623 bemus
1174 1589 1262 1624 Tale
1284 1587 1384 1624 enim
1406 1587 1533 1624 vinum
1555 1589 1788 1635 myrrhatum

1014 1641 1049 1671 et
1069 1636 1225 1671 t'ellitnm
1249 1635 1416 1671 Christus
1440 1647 1462 1671 a
1494 1635 1605 1671 nobis
1641 1635 1730 1680 sitit,
1753 1638 1790 1672 et

1014 1682 1180 1718 oblatum
1201 1682 1361 1720 libenter
1375 1686 1514 1727 gustat,
1537 1684 1601 1719 sed
1625 1693 1699 1719 non
1710 1683 1790 1719 vult

1013 1730 1156 1774 bibere,
1181 1735 1216 1766 et
1242 1733 1278 1766 in
1305 1741 1344 1766 se
1368 1730 1540 1776 trajicere
1563 1742 1571 1766 :
1597 1730 1685 1776 quia
1711 1729 1788 1776 ipse

1014 1778 1196 1813 bonorum
1225 1785 1437 1814 nostrorum
1464 1788 1538 1813 non
1573 1785 1667 1823 eget.
1694 1778 1788 1821 Quid

1014 1825 1113 1860 enim
1148 1824 1294 1860 Chi-isto
1333 1826 1379 1861 de
1414 1830 1542 1861 nostra
1573 1825 1786 1870 devotione,

1014 1871 1318 1916 mortificatione,
1346 1876 1383 1908 et
1407 1871 1694 1918 compunctione
1726 1883 1786 1908 ac-

1013 1919 1257 1955 crescit?Sed
1278 1920 1365 1955 talia
1385 1920 1431 1955 ab
1449 1932 1490 1955 eu
1506 1924 1699 1966 gratanter
1720 1931 1787 1966 gu-

1013 1971 1110 2001 stata
1141 1967 1248 2002 nobis
1288 1967 1465 2012 relinquit
1504 1970 1637 2011 quibus
1662 1966 1789 2003 omnia

1012 2014 1076 2049 illa
1110 2020 1357 2060 cooperantur
1383 2025 1421 2049 in
1452 2016 1603 2058 bonum,
1640 2013 1714 2050 imo
1751 2019 1788 2050 et

1011 2071 1141 2097 amara
1160 2061 1256 2097 fiunt
1271 2061 1379 2097 nobis
1396 2060 1535 2104 dulcia,
1557 2061 1690 2097 merito
1710 2071 1787 2097 suae

1013 2108 1215 2144 Passionis.
1238 2129 1280 2135 -—
1308 2109 1418 2144 Aliud
1443 2111 1711 2144 documentum
1729 2111 1787 2145 est

1011 2155 1230 2202 accipiendo
1249 2155 1319 2192 ista
1353 2155 1390 2191 in
1412 2156 1510 2191 malo
1538 2166 1661 2199 sensu,
1687 2156 1787 2202 quod

1012 2214 1079 2238 nos
1096 2213 1294 2239 caveamus
1326 2214 1372 2239 ne
1398 2203 1522 2238 vinnm
1557 2204 1787 2249 myrrhatum

1011 2250 1065 2286 vel
1093 2250 1249 2286 fellitum
1290 2251 1436 2287 Christo
1463 2250 1667 2287 bibendum
1687 2250 1786 2287 offe—

1011 2308 1138 2334 ramus
1167 2309 1174 2334 :
1209 2299 1296 2344 qnia
1327 2298 1423 2333 sicut
1454 2301 1543 2334 tunc
1571 2297 1706 2342 Judaei,
1735 2297 1787 2334 ita

1011 2345 1124 2381 etiam
1151 2345 1241 2382 mali
1268 2344 1470 2382 Christiani
1509 2346 1599 2380 dant
1624 2346 1701 2382 Deo
1729 2345 1785 2381 bi-

1010 2393 1176 2429 bendum
1201 2403 1372 2429 amarum
1410 2394 1552 2439 potum,
1575 2395 1613 2428 et
1638 2391 1784 2429 Christo

1009 2439 1150 2476 sitienti
1177 2442 1335 2476 salutem
1373 2439 1598 2484 animarum,
1621 2439 1785 2476 offerunt

968 2494 969 2524 ἰ
1008 2487 1300 2524 amaritudinem
1325 2492 1574 2533 peccatorum.
1605 2487 1785 2530 Quicum-

1008 2544 1079 2579 que
1100 2534 1198 2570 enim
1220 2539 1321 2570 recte
1343 2535 1515 2577 credunt,
1533 2533 1598 2569 sed
1613 2534 1709 2569 male
1730 2533 1784 2568 vi-

1009 2586 1110 2625 vunt,
1137 2581 1173 2617 hi
1216 2581 1361 2618 Christo
1382 2582 1473 2617 dant
1505 2581 1635 2616 bibere
1659 2580 1784 2616 vinum

1009 2639 1092 2663 cum
1117 2631 1267 2674 myrrha
1293 2634 1329 2664 et
1366 2630 1450 2665 t'elle
1470 2634 1653 2663 mixtum:
1697 2627 1784 2672 quia

1007 2674 1133 2710 vinum
1149 2676 1371 2711 Christianae
1389 2673 1631 2721 professionis
1647 2674 1702 2710 vel
1722 2675 1783 2709 de-

1008 2722 1180 2762 votionis,
1198 2723 1448 2759 miscentcuin
1469 2723 1619 2767 myrrha
1639 2726 1676 2757 et
1697 2721 1782 2757 felle

1008 2769 1238 2806 scandalosae
1261 2768 1567 2811 conversationis,
1598 2770 1633 2804 in
1654 2778 1781 2813 quan-

1007 2819 1086 2852 tum
1106 2817 1201 2852 male
1215 2817 1372 2854 vivendo
1392 2816 1643 2853 scandalizant
1660 2815 1782 2851 Eccle-
