1924 3157
514 156 564 189 DE
603 156 732 196 NONA,
771 155 811 188 IN
851 154 1064 189 PASSIONE
1106 155 1282 192 DOMINI.

87 225 250 262 Tradere
283 221 386 261 enim
407 225 464 261 vel
487 224 660 261 emittere
692 222 865 270 spiritum

86 271 242 321 propria
267 272 417 313 virtute,
443 271 578 308 ‹livinae
599 271 794 319 potestatis
816 272 867 307 in-

88 321 226 358 dicium
242 323 312 363 est,
333 323 368 355 ut
389 320 525 356 nemini
553 320 621 357 nisi
647 321 720 356 Deo
732 330 868 355 conve-

89 368 158 405 nit.
182 369 224 404 Et
241 378 308 414 per
329 368 399 403 hoc
416 368 515 413 qnod
539 367 669 404 morie:
690 378 706 403 5
729 366 867 403 clama-

90 415 156 461 vit,
173 414 412 461 apertissime
424 426 462 451 se
473 416 588 452 Deum
603 425 731 451 verum
743 418 870 450 osten-

91 462 159 508 dit,
181 473 269 498 nam
288 463 464 499 homines
481 462 543 499 alii
569 461 774 499 morientes
796 472 871 498 non

93 510 260 547 clamare
280 510 346 547 sed
365 512 425 546 vix
447 510 608 556 spirare,
633 509 690 545 vel
707 508 872 545 tenuiter

93 557 195 604 loqui
218 561 386 603 possunt.
409 559 446 594 In
463 558 547 594 aliis
576 560 704 594 autem
726 556 874 592 duobus

93 605 259 642 scilicet:
282 604 322 642 in
342 604 516 642 oratione
530 608 565 642 et
589 603 872 650 lacrymatione,

94 652 310 690 humanitas
344 652 534 706 apparuit,
563 656 599 689 et
620 650 875 687 miserationis

94 701 272 738 affectum
289 700 458 737 Christus
473 698 738 736 manifestavit.
757 699 876 742 Quan-

95 749 142 784 do
165 747 278 795 igitur
302 748 501 784 Matthaeus
526 746 616 783 dicit
639 758 646 782 :
681 748 784 782 Jesus
808 758 877 782 αιι-

97 799 166 833 tem
187 798 319 831 iterum
345 794 508 832 clamans
534 805 616 830 voce
637 805 770 839 magma
790 795 877 829 cmi-

97 845 147 880 sit
167 845 339 890 spiritum
353 854 361 887 ;
377 845 414 879 et
434 843 581 878 Marcus
600 854 608 878 ι
631 844 878 883 Jeszcscmtem,

100 893 233 928 emissa
262 901 346 927 voce
377 901 524 935 magma,
554 892 755 936 απρίναυιέ,
791 888 881 935 quid

101 939 172 975 hac
193 949 281 974 voce
296 949 434 985 magna
455 937 604 981 dixerit,
621 938 738 973 Lucas
752 940 882 983 aperte

103 986 290 1032 designat,
313 985 366 1022 sic
380 985 510 1022 dicens
529 997 536 1021 :
559 988 605 1021 Et
620 986 783 1021 clamans
802 994 883 1020 voce

100 1045 235 1079 magna
252 1035 368 1075 Jews,
402 1036 457 1069 ait
480 1045 488 1068 t
526 1035 648 1077 Pater,
682 1035 720 1068 in
755 1042 884 1068 titanus

101 1085 184 1118 tuas
197 1081 401 1117 commendo
409 1083 581 1127 spiritum
598 1091 727 1122 meum;
747 1083 780 1115 ct
797 1081 882 1123 haec,

100 1129 236 1176 inquit,
248 1129 383 1171 dicens,
394 1130 595 1174 expiravit.
612 1129 780 1164 Joannes
793 1137 881 1162 voro

102 1180 232 1214 tacens
253 1176 298 1212 de
320 1176 390 1212 hac
417 1186 520 1219 voce,
544 1178 691 1211 tantum
722 1174 854 1211 scribit
876 1185 883 1210 :

104 1224 195 1261 Cum
216 1234 298 1270 er90
318 1225 514 1268 accepisset
531 1224 634 1259 Jesus
656 1226 809 1258 acetum.
830 1222 888 1257 ἀι·-

102 1274 161 1309 mit
177 1284 187 1307 ε
205 1272 498 1309 consummatum
513 1275 578 1312 est,
590 1274 623 1306 et
639 1271 816 1306 inclinato
833 1280 889 1305 ca-

105 1322 197 1368 pite,
218 1319 379 1355 tradidit
397 1320 585 1364 spiritum,
610 1317 747 1354 emissa
762 1321 891 1354 tamen

104 1367 212 1415 prius
228 1377 318 1403 voce
333 1365 619 1414 praedicta.Fuit
633 1369 775 1409 autem,
789 1368 827 1401 ut
841 1364 893 1400 di-

105 1415 218 1459 citur,
245 1413 297 1450 ita
320 1424 483 1459 magnus
509 1417 544 1449 et
565 1413 712 1450 validus
750 1413 893 1448 clamor

74 1486 75 1494 1
106 1462 192 1508 iste,
215 1461 316 1508 quod
338 1458 455 1508 usque
476 1461 515 1497 in
537 1461 727 1497 infernum
743 1459 894 1496 auditus

82 1509 193 1573 χ11111,
215 1513 252 1545 et
267 1509 405 1545 coelum
420 1515 636 1555 terramque
657 1512 821 1544 tremere
841 1508 894 1543 se-

113 1557 175 1594 cit.
196 1558 272 1593 vox
293 1567 382 1602 ergo
406 1555 468 1592 illa
491 1568 565 1592 non
591 1555 658 1592 suit
695 1554 894 1598 naturalis,

114 1605 180 1642 sed
202 1604 442 1648 miraculosa,
465 1605 552 1650 quia
574 1604 686 1639 homo
704 1614 841 1650 magno
860 1605 897 1638 et

116 1654 230 1696 longo
252 1651 419 1688 cruciatu
442 1652 618 1695 afflictus,
639 1654 676 1687 et
695 1662 736 1687 ex
760 1650 824 1686 tali
845 1649 898 1686 af-

117 1701 284 1737 flictione
304 1699 415 1735 morti
434 1698 485 1735 sic
502 1709 708 1745 proximus,
722 1709 797 1734 non
817 1708 898 1744 pos-

116 1751 173 1785 set
189 1747 240 1783 516
258 1747 422 1783 clamare
440 1746 577 1783 virtute
594 1750 752 1788 naturae,
764 1750 800 1782 et
815 1745 898 1781 ideo

118 1795 290 1841 sequitur
327 1795 425 1841 quod
459 1805 527 1830 vox
560 1794 624 1830 illa
659 1793 706 1829 sit
739 1794 901 1829 formata

116 1843 184 1881 Dei
218 1842 368 1878 virtute.
399 1843 465 1878 Hic
499 1845 602 1886 nota,
631 1841 731 1887 quod
768 1841 901 1877 eadem

116 1892 214 1928 hora
229 1901 302 1937 qua
322 1889 468 1937 primus
488 1889 607 1926 Adam
630 1888 815 1936 peccavit,
836 1899 902 1924 se—

117 1938 264 1976 cundus
280 1939 401 1974 Adam
421 1936 617 1984 expiravit.
636 1937 785 1973 Primus
803 1937 902 1972 enim

113 1989 199 2034 post
221 1985 422 2022 meridiem
444 1985 629 2032 peccavit,
653 1984 741 2031 quia
762 1995 847 2020 mox
864 1986 906 2020 ut

116 2033 303 2082 peccavit,
329 2043 462 2069 vocem
503 2032 653 2069 Domini
674 2030 906 2069 ambulantis

117 2082 165 2119 ad
187 2091 323 2118 auram
351 2085 435 2127 post
454 2079 655 2116 meridiem
678 2079 846 2124 audivit3
871 2081 908 2115 et

118 2133 227 2174 tunc,
250 2128 352 2164 circa
374 2128 507 2164 horam
529 2138 686 2171 nonam,
720 2127 908 2164 secundus

79 2194 83 2198 -
123 2177 246 2214 Adam
267 2175 466 2223 expiravit.
488 2175 606 2220 Unde,
623 2186 699 2222 qua
716 2175 811 2211 hora
830 2174 908 2222 pri-

125 2235 211 2262 mus
242 2224 363 2260 Adam
393 2225 583 2270 peccando
624 2226 786 2260 mortem
823 2223 912 2259 huic

127 2271 270 2309 mundo
294 2270 458 2315 induxit,
495 2271 628 2308 eadem
666 2272 762 2308 hora
782 2281 913 2307 secun-

131 2320 200 2356 dus
215 2319 334 2355 Adam
354 2322 513 2355 mortem
529 2322 697 2355 nostram
713 2317 912 2355 moriendo

130 2366 329 2404 destruxit.
349 2368 392 2402 Et
418 2377 492 2413 qua
517 2367 613 2403 hora
637 2366 689 2402 illi
720 2366 915 2413 paradisus

131 2419 189 2452 est
203 2414 419 2458 conclusus,
430 2414 562 2451 eadem
578 2415 672 2451 hora
685 2414 755 2451 iste
769 2413 917 2460 paradi·

133 2473 218 2500 sum
239 2461 400 2509 aperuit,
414 2461 516 2508 quia,
536 2462 743 2499 secundum
765 2463 916 2507 Bedam,

51 2507 117 2568 4(-
136 2509 429 2557 (EQ—poscebat
450 2512 489 2545 ut
503 2509 636 2546 eodem
653 2509 835 2557 temporis
857 2521 918 2546 ar-

29 2846 59 2873 θ

136 2557 266 2601 ticulo,
289 2568 362 2604 quo
380 2557 469 2593 A.lae
494 2557 662 2604 peccanti
679 2558 918 2594 concluserat

134 2606 289 2651 Januain
318 2604 501 2651 paradisi,
534 2607 715 2652 panderet
753 2616 835 2642 eam
864 2605 918 2641 la-

138 2652 239 2689 troni
262 2652 459 2699 poenitenti
479 2665 486 2690 ·.
515 2656 563 2696 et,
588 2653 796 2689 secundum
820 2654 919 2690 Glos-

141 2711 232 2742 sam,
249 2700 604 2750 cumsolaseQe
622 2703 658 2736 te
687 2701 926 2745 esactusestr

140 2746 361 2785 Passiffffe'm
383 2758 605 2784 consumma
625 2776 634 2793 ‚
656 2744 860 2785 osce-naeus
880 2759 920 2785 se

142 2795 239 2833 mori
259 2800 412 2843 propter
431 2799 600 2843 peccata,
623 2795 760 2842 quibus
781 2807 804 2833 a
823 2796 918 2834 divi-

227 2859 319 2893 Vm
336 2859 424 2895 Jsssu
440 2859 598 2902 Cuius-rt,
612 2868 726 2895 ‘tomus
747 2860 810 2895 IV.

1662 155 1674 188 l
1682 154 1719 189 ‘29

944 236 994 261 na
1012 226 1094 261 luce
1115 229 1152 262 et
1181 226 1383 263 dilectione
1401 226 1440 262 in
1459 227 1556 263 hane
1573 231 1723 263 noctem

945 272 1159 309 cecidimus.
1187 276 1292 317 Item,
1326 275 1396 310 hac
1430 274 1523 310 hora
1543 274 1725 310 Dominus

945 327 1116 356 mortuus
1127 324 1196 362 est,
1208 322 1295 367 qnia
1310 332 1474 365 pereum
1486 332 1620 358 novem
1630 321 1728 358 ordi-

946 367 1729 415 nesAngelorumreparantur.Notandum

947 416 1075 459 etiam,
1095 415 1209 459 (1110(1,
1237 416 1333 452 sicut
1361 417 1499 453 dicitur
1528 417 1567 453 in
1603 417 1731 455 Glossa

946 462 1089 506 Tobiae,
1110 462 1269 499 Domino
1297 463 1334 499 in
1363 475 1471 500 cruce
1496 475 1623 511 passe,
1641 464 1733 502 dia-

947 510 1068 554 bolus,
1088 520 1162 556 quo
1178 514 1406 556 procurante
1422 512 1621 549 crucifixus
1637 515 1734 556 erat,

949 557 1115 599 advenit,
1139 567 1312 603 quaerens
1341 558 1371 593 si
1398 558 1487 603 quid
1514 559 1658 605 peccati
1697 559 1735 596 in

950 606 1030 651 ipso
1062 603 1262 641 inveniret.
1306 606 1348 641 Et
1372 605 1462 641 dicit
1498 606 1676 653 Magister
1698 607 1734 642 in

931 651 1136 696 fhistoriis,
1150 652 1250 698 quod
1267 652 1392 689 stabat
1406 663 1518 699 supra
1537 653 1736 690 brachium

953 698 1090 743 crucis,
1123 699 1243 736 donec
1278 699 1447 737 Christus
1482 701 1678 747 expiravit,
1700 705 1738 737 et

953 753 1041 784 tunc
1062 747 1193 783 videns
1215 758 1254 783 se
1287 748 1484 784 confusum
1510 749 1679 793 recessit,
1701 752 1737 785 et

951 794 1106 831 veniens
1138 794 1186 830 ad
1207 796 1379 840 Tartara,
1410 795 1554 831 invenit
1580 795 1631 833 ibi
1653 796 1734 832 ani-

955 853 1055 879 mam
1077 842 1214 879 Christi
1235 846 1363 889 portas
1385 847 1422 879 et
1435 853 1538 880 seras
1562 842 1737 879 confrin-

955 896 1135 937 gentem‚
1178 893 1214 926 et
1248 891 1436 936 justorum
1470 890 1614 927 animas
1650 890 1739 927 inde

957 938 1193 974 educentem.
1214 939 1257 974 Et
1276 944 1361 974 tunc
1378 949 1462 975 mox
1482 944 1669 976 remotum
1683 942 1741 975 est

957 985 1094 1022 divinae
1117 985 1273 1021 visionis
1289 985 1619 1032 impedimentum,
1642 985 1743 1032 quod

959 1032 1135 1076 figuravit
1153 1033 1301 1078 gladius
1323 1035 1522 1070 flammeus
1550 1038 1586 1070 et
1609 1044 1743 1070 versa—

959 1081 1034 1117 tilis
1055 1081 1200 1126 positus
1220 1084 1310 1117 ante
1338 1081 1571 1127 paradisum.
1607 1081 1744 1118 Scien—

961 1129 1049 1164 dum
1072 1131 1197 1164 autom
1220 1129 1319 1173 quod
1343 1128 1443 1165 inter
1463 1139 1597 1166 omnes
1615 1139 1747 1176 poenas

962 1174 1156 1212 Passionis
1183 1175 1333 1221 Christi,
1365 1175 1438 1212 ista
1474 1188 1584 1223 paena
1614 1175 1747 1213 mortis

962 1223 1033 1259 suit
1059 1222 1321 1267 acerbissima,
1360 1223 1448 1270 quia
1485 1223 1586 1260 inter
1619 1225 1749 1261 omnia

963 1269 1150 1307 terribilia
1183 1270 1502 1308 terribilissimum
1542 1275 1598 1308 est
1622 1282 1747 1316 mors;

965 1322 1001 1355 et
1019 1319 1090 1354 hoc
1104 1321 1174 1362 est,
1191 1320 1400 1355 secundum
1417 1321 1593 1356 Joannem
1612 1322 1748 1356 Dama-

965 1377 1125 1410 scenum,
1138 1369 1294 1413 propter
1306 1367 1521 1404 naturalem
1534 1366 1748 1404 inclinatio-

968 1424 1054 1450 nem
1075 1413 1210 1450 animae
1229 1414 1276 1450 ad
1291 1425 1440 1460 corpus.
1460 1417 1502 1451 Et
1522 1415 1591 1452 fuit
1609 1414 1749 1462 specia-

968 1461 1013 1497 lis
1029 1460 1125 1497 rati0
1145 1460 1180 1497 in
1195 1461 1344 1498 Christo
1365 1462 1411 1498 de
1427 1462 1492 1499 tali
1509 1462 1638 1499 anima
1651 1467 1688 1499 et
1702 1461 1749 1498 de

967 1508 1034 1545 tali
1074 1519 1252 1554 corpore,
1288 1509 1345 1545 cui
1382 1510 1532 1557 utrique
1574 1510 1751 1546 divinitas

970 1556 1075 1593 unita
1098 1556 1167 1592 suit
1195 1555 1233 1592 in
1262 1556 1404 1594 unitate
1426 1558 1628 1604 supposit13
1653 1557 1751 1594 unde

971 1602 1138 1651 oportuit
1150 1604 1248 1649 quod
1262 1603 1326 1640 illa
1337 1606 1524 1651 separatio
1540 1607 1576 1642 in
1591 1605 1752 1643 Domino

971 1655 1068 1688 esset
1088 1652 1249 1688 maxime
1270 1652 1445 1698 poenalis.

1019 1703 1041 1743 4
1063 1700 1203 1735 SEPTEM
1222 1711 1436 1737 nocumnNTA
1456 1713 1499 1737 Ex
1519 1701 1666 1738 Cnmsri
1690 1713 1754 1737 Ex-

974 1758 1201 1792 SPIRATIONE,
1230 1759 1339 1784 161115
1379 1760 1688 1785 CONFORMATonts
1716 1760 1757 1785 ET

975 1806 1119 1831 omno.
1147 1816 1193 1820 —
1215 1796 1265 1831 Ex
1282 1794 1352 1832 isto
1371 1796 1529 1833 articulo
1557 1796 1759 1844 expiratio-

975 1844 1048 1886 nis,
1062 1853 1128 1879 seu
1145 1844 1277 1879 mortis
1292 1845 1381 1880 Jesu
1398 1844 1550 1889 Chri-ti,
1567 1845 1760 1882 habentur

975 1890 1086 1937 plura
1104 1891 1345 1927 documenta.
1372 1891 1542 1929 Primum
1564 1898 1635 1937 est,
1656 1891 1759 1939 quod

979 1949 1048 1975 nos
1071 1938 1252 1975 debemus
1277 1939 1459 1975 commori
1480 1939 1644 1984 Christ0‚
1671 1950 1759 1976 mo·-

978 1985 1112 2022 rienslo
1133 1985 1309 2023 videlicet
1331 1987 1471 2023 mundo
1485 1986 1710 2035 etpeccatis‚
1728 1985 1761 2023 si

981 2043 1066 2070 cum
1085 2033 1233 2070 Christo
1246 2033 1284 2070 in
1300 2038 1445 2072 aeterna
1461 2034 1537 2072 vita
1552 2035 1681 2072 vivere
1701 2045 1763 2071 vo-

981 2081 1179 2117 luerimus.
1202 2081 1309 2118 Unde
1346 2083 1548 2130 Apostolus
1571 2094 1579 2119 z
1604 2085 1646 2121 Si
1665 2093 1760 2119 com-

982 2131 1120 2164 mortui
1140 2140 1265 2165 sumus
1284 2141 1364 2166 cum
1392 2132 1549 2176 Christo,
1572 2134 1605 2167 et
1631 2131 1762 2167 convi-

983 2187 1120 2212 vemus.
1147 2177 1191 2212 Et
1214 2177 1260 2213 de
1281 2177 1420 2214 talibus
1440 2177 1540 2215 idem
1561 2178 1764 2225 Apostolus

985 2223 1039 2261 ait
1058 2235 1066 2259 :
1091 2226 1230 2260 Mortui
1249 2227 1345 2261 enim
1366 2227 1464 2268 estis,
1488 2225 1630 2263 scilicet
1654 2235 1762 2262 mun-

987 2272 1096 2308 danis
1123 2275 1160 2308 et
1185 2272 1350 2318 caducis,
1373 2279 1406 2309 et
1425 2275 1505 2310 vita
1532 2277 1654 2310 vestra
1674 2273 1766 2309 abs—

988 2320 1136 2356 condita
1163 2324 1215 2356 est
1247 2331 1328 2356 cum
1360 2321 1514 2364 Christo,
1546 2324 1585 2358 in
1608 2323 1694 2358 Deo.
1723 2339 1767 2347 ω

989 2367 1204 2405 Secundum
1227 2371 1298 2413 est,
1319 2368 1420 2415 quod
1453 2368 1623 2406 Christus
1644 2368 1684 2405 in
1705 2379 1770 2405 au-

989 2414 1114 2462 gustia
1139 2415 1269 2451 mortis
1297 2427 1386 2453 voce
1420 2416 1498 2454 alta
1520 2418 1690 2454 clamans
1720 2414 1768 2452 ad

992 2466 1165 2507 Patrem,
1205 2466 1242 2499 et
1279 2465 1552 2502 commendans
1589 2464 1622 2501 ei
1657 2463 1770 2510 spiri-

992 2514 1072 2547 tum
1093 2521 1219 2555 suum,
1238 2510 1391 2557 reliquit
1424 2512 1533 2549 nobis
1555 2511 1769 2556 exemplum

993 2558 1134 2594 intimae
1158 2558 1382 2603 devotionis,
1403 2559 1544 2597 docens
1561 2571 1630 2596 nos
1650 2559 1686 2595 in
1702 2560 1773 2595 hoe

993 2606 1073 2649 ipse
1098 2607 1220 2642 bonus
1248 2606 1438 2653 Magister,
1462 2608 1551 2655 quid
1573 2618 1643 2644 nos
1663 2606 1771 2643 inar-

994 2653 1110 2689 ticulo
1151 2654 1384 2699 tentationis,
1413 2659 1450 2691 et
1486 2656 1702 2703 specialiter
1733 2655 1771 2689 in

996 2712 1117 2747 agone
1133 2702 1265 2738 mortis
1280 2702 1392 2749 positi
1406 2703 1529 2740 facere
1548 2704 1766 2741 debeamus.

995 2750 1152 2795 Semper
1171 2749 1272 2786 enim
1293 2750 1476 2788 debemus
1497 2751 1674 2789 auxilium
1696 2760 1767 2786 no-

997 2800 1116 2834 strum
1135 2796 1175 2834 in
1194 2798 1314 2835 Deum
1333 2808 1493 2846 ponere,
1512 2803 1550 2837 et
1567 2807 1653 2838 eum
1671 2797 1772 2834 invo-

1675 2870 1692 2899 0
