1924 3157
578 214 629 248 DE
670 214 815 251 PRIMA.
858 215 899 249 {N
941 215 1154 249 PASSlON'lj
1196 216 1364 251 nuntii.
1753 221 1791 252 ὀί

154 283 465 332 negligentiisque
486 284 633 331 negavi,
653 287 690 321 ut
710 285 852 321 valeam
872 285 1041 322 desectus
1063 297 1165 322 ineos
1180 298 1407 334 cognoscere
1425 292 1460 325 et
1484 288 1571 325 inde
1590 288 1788 336 poenitere‚

151 343 193 369 ac
212 331 362 369 veniam
379 336 417 368 et
432 331 592 379 gratiam
611 342 757 369 mercar
777 332 875 379 apud
898 335 933 369 tc
956 332 1138 369 invenire.
1160 335 1292 371 Amen.

831 547 1016 594 CAPUT
1052 549 1146 594 LXl

627 695 677 723 DE
698 695 832 732 PRIMA,
865 695 904 724 IN
930 696 1117 725 PASSIONE
1146 697 1301 727 DOMINI.

195 809 361 847 Matthaei
382 820 464 858 cap.
486 811 628 857 XXVII,
651 811 765 848 Marci
793 822 874 860 cap.
903 813 1123 898 ὲὲῐΠΙιίοΙεξ
1144 825 1225 862 cap.
1249 815 1357 861 XXII,
1386 817 1497 854 XXIII
1524 821 1561 854 et
1582 819 1738 856 Joannis

797 871 879 907 cap.
901 889 909 897 „
1020 887 1055 907 ‚.·
1095 892 1104 898 ,
1130 891 1137 899 .

201 999 211 1021 ι
239 985 446 1029 SECUNDUM,
469 995 564 1021 MANE
582 995 707 1030 mero,
730 996 930 1022 immorim-

148 1043 234 1069 T1ci1
273 1043 464 1069 concinuit
499 1044 683 1069 Anvnnsns
719 1035 848 1070 Jizsuu.
886 1054 930 1059 —

148 1081 249 1116 Hora
264 1079 402 1126 prima,
417 1080 530 1116 corde
547 1080 724 1117 doloroso
739 1084 775 1116 et
796 1085 930 1118 moesto

146 1126 405 1172 meditaberis,
417 1127 595 1173 qualiter,
607 1130 796 1172 confestim
811 1140 927 1170 manc,

147 1174 289 1219 scilicet
303 1178 343 1211 ut
359 1177 482 1219 factus
502 1179 555 1211 est
571 1176 661 1221 dies,
674 1180 927 1218 convenerunt,

146 1222 291 1259 scilicet
333 1222 433 1269 apud
472 1223 652 1270 Caipham
694 1223 928 1269 Pontificem,

144 1272 334 1318 principes
351 1271 595 1310 sacerdotum.
611 1271 649 1307 id
671 1275 726 1308 est
748 1271 812 1307 alii
834 1282 928 1318 pon·-

147 1318 282 1363 titices,
319 1318 381 1365 qui
420 1318 686 1363 praecellebant
716 1321 929 1357 reverentia

148 1366 364 1412 (lignitati53
386 1370 418 1401 et
429 1369 587 1402 seniores
601 1368 743 1413 populi.
758 1366 823 1413 qui
837 1378 927 1407 orze-

148 1414 338 1451 cellehant
358 1414 575 1451 reverentia
596 1416 741 1458 aetatis3
770 1418 804 1451 et
825 1416 926 1452 Scri-

149 1462 213 1503 bae,
235 1461 297 1508 qui
319 1463 591 1508 praerellebant
624 1462 839 1498 reverentia
860 1463 926 1499 do-

150 1509 455 1556 ctrinaelegai153
485 1513 517 1546 et
544 1510 737 1546 concilium
764 1512 928 1547 inierunt

148 1557 324 1593 adversus
347 1559 482 1600 Jesum,
503 1561 544 1593 ut
570 1568 647 1592 eum
671 1559 781 1593 morti
807 1559 927 1594 trade-

147 1609 242 1648 rent,
265 1608 299 1640 «et
318 1605 488 1641 fecerunt
506 1606 703 1641 Dominum
723 1608 827 1641 tuum
846 1605 925 1642 dul-

147 1663 227 1689 cem
249 1653 379 1689 Jesum
401 1652 515 1689 nimis
535 1652 717 1689 afflictum
738 1652 786 1688 iiii
811 1653 926 1689 addu—

147 1701 192 1737 ci.
217 1701 281 1736 Hic
300 1704 357 1737 est
384 1704 593 1737 conventus
617 1699 923 1746 malignantium,

146 1749 252 1796 cujus
276 1747 379 1794 prior
402 1747 480 1784 sive
501 1748 618 1785 abbas
644 1752 726 1784 erat
747 1748 923 1795 caiphas,

145 1798 211 1843 qni
240 1799 319 1832 erat
352 1797 528 1840 Pontifex
561 1798 652 1831 unni
679 1797 795 1831 illius.
833 1797 922 1833 Cum

145 1847 273 1881 autem
293 1844 425 1881 volunt
445 1854 530 1880 eum
557 1843 604 1879 de
632 1843 744 1879 domo
769 1843 921 1889 ducere,

94 1934 98 1936 ,
145 1891 275 1928 dicunt
301 1891 332 1928 ei
357 1903 366 1928 :
391 1893 495 1936 Jesu‚
524 1891 614 1938 quid
640 1892 746 1936 facis,
785 1891 923 1929 ibimus

145 1950 193 1976 an
216 1950 294 1976 non
310 1939 328 1977 ⁸?
347 1939 457 1984 Veni,
478 1938 567 1986 quia
584 1938 776 1986 principes
797 1944 835 1976 et
854 1950 922 1976 sa-

145 1987 318 2024 cerdotes
354 1987 551 2032 mandant,
571 1988 672 2034 quod
697 1986 848 2024 ducaris
873 1988 921 2024 ad

146 2035 363 2080 concilium,
384 2035 446 2072 ubi
461 2039 497 2071 te
517 2038 737 2082 exspectant
749 2046 835 2072 cum
856 2046 921 2082 po-

144 2083 248 2131 pulo,
273 2083 515 2120 volentes‘te
547 2082 697 2119 tradere
726 2083 860 2128 Pilato,
882 2087 924 2120 ut

80 2171 84 2178 ¹
147 2125 334 2168 moriaris.
356 2133 409 2167 Tu
430 2133 571 2175 antem,
590 2131 619 2167 si
639 2130 763 2171 adhuc
781 2131 922 2178 cogites

82 2181 92 2230 ζ
144 2182 291 2229 Legum
321 2169 522 2233 ipso-effe,
541 2178 643 2215 dices
667 2188 752 2214 cum
785 2189 924 2226 magna

49 2237 53 2250 =·
74 2231 77 2242 ²
146 2237 407 2273 compassione
432 2238 440 2262 z
467 2227 556 2269 Heu,
577 2227 726 2263 Domine
741 2228 792 2263 mi
809 2229 822 2263 !
839 2228 920 2271 heu,

146 2276 326 2319 Maqister
361 2275 469 2311 bone!
495 2276 585 2321 quia
605 2274 687 2320 jam
727 2278 760 2310 te
796 2276 924 2311 volunt

145 2323 298 2368 perdere
315 2322 397 2368 jam
423 2324 549 2359 volunt
575 2326 609 2358 te
633 2324 744 2358 morti
762 2323 918 2359 tradere.

146 2370 174 2407 O
193 2372 356 2414 Domine,
379 2371 470 2417 quid
490 2381 552 2416 eqo
573 2372 684 2406 miser
702 2372 842 2414 faciam
856 2372 874 2406 P
895 2371 922 2408 Ο

146 2428 257 2464 quam
292 2418 454 2455 crudeles
477 2422 511 2455 et
534 2429 644 2464 quam
674 2420 834 2454 dolorosi
858 2429 921 2454 ru-

145 2475 262 2501 mores
277 2467 290 2502 !
305 2467 333 2502 O
356 2468 519 2510 Domine,
535 2477 646 2512 quam
669 2466 858 2512 [amtorem
870 2467 924 2502 vi-

145 2514 281 2549 sionem
299 2513 444 2549 habebit
465 2517 528 2550 tun
549 2515 668 2550 Mater
691 2515 920 2555 dulcissima,

146 2571 256 2607 quam
268 2572 412 2597 amaros
426 2572 586 2597 rumores
602 2562 728 2598 audiet
745 2565 818 2598 tam
834 2564 922 2606 ista,

147 2619 257 2654 quam
284 2619 404 2645 omnes
425 2611 492 2655 qui
514 2612 548 2645 te
569 2609 733 2655 diligunt
753 2620 832 2645 cum
854 2620 893 2645 ea
911 2611 923 2645 !

147 2656 175 2692 Ο
200 2658 380 2693 Domine!
401 2657 493 2703 quid
521 2667 584 2701 eqo
620 2659 731 2693 miser·
754 2657 891 2701 faciam
906 2656 924 2692 ³?

145 2703 365 2751 Ibotecqum,
395 2706 558 2749 Domine,
584 2706 641 2740 vel
665 2705 724 2741 ibo
747 2707 924 2741 nuntiare

146 2748 319 2789 abiicere
340 2753 502 2789 Dominae
522 2763 607 2788 mete
627 2753 789 2798 beniqnae
809 2754 925 2788 Matri

147 2801 232 2845 tuae,
256 2804 296 2837 ut
327 2802 452 2837 veniat
478 2800 599 2836 ad'te.
623 2801 758 2837 Postea
778 2800 922 2837 videbis

145 2848 336 2893 quomodo
367 2848 509 2886 ducunt
538 2857 625 2885 eum
659 2850 852 2894 tamquam
880 2859 920 2885 a-

1008 997 1124 1032 gnum
1153 993 1407 1033 mansuetum,
1438 990 1497 1035 qui
1535 995 1706 1036 poi-tatur
1738 993 1785 1030 ad

1007 1034 1213 1079 victimam,
1237 1040 1271 1071 et
1294 1039 1484 1082 quomodo
1512 1037 1588 1082 ipsc
1612 1040 1725 1076 intrat
1746 1041 1786 1076 li-

1006 1086 1115 1127 gatus
1139 1086 1175 1118 ct
1198 1084 1374 1127 afflictus,
1396 1088 1429 1120 et
1463 1096 1594 1122 omnes
1630 1087 1668 1123 in
1699 1099 1785 1124 eum

1006 1129 1225 1175 respiciunt,
1239 1134 1274 1166 et
1290 1131 1518 1169 insultantes
1532 1134 1563 1169 ci
1579 1134 1707 1171 dicunt
1728 1147 1736 1171 z
1755 1136 1783 1173 Ο

1004 1176 1103 1213 bone
1121 1179 1224 1222 Jesu,
1246 1178 1307 1215 hic.
1333 1182 1399 1215 os?
1428 1179 1622 1224 Quomodo
1645 1183 1672 1218 si
1697 1184 1783 1219 Pro-

1002 1224 1118 1269 pheta
1149 1236 1247 1269 eras,
1276 1225 1377 1263 istud
1411 1239 1487 1263 nou
1522 1229 1784 1275 proevidebas?

1002 1272 1106 1309 Talia
1126 1277 1163 1308 et
1184 1274 1303 1310 multa
1323 1274 1462 1311 similia
1479 1280 1655 1322 poterant
1677 1278 1709 1313 ci
1724 1279 1781 1314 (li-

1003 1330 1088 1356 cere
1108 1319 1162 1356 illi
1197 1321 1401 1358 maledicti.
1436 1324 1643 1361 Considera
1670 1326 1781 1362 modo

1001 1371 1183 1411 quantum
1206 1370 1327 1406 Juslaei
1357 1370 1533 1407 sitiebant
1559 1374 1782 1419 sauguinem

999 1416 1087 1451 Jesu
1109 1415 1262 1461 Christi,
1286 1417 1349 1462 qui
1373 1429 1519 1454 ¹summo
1539 1430 1650 1456 mane
1677 1432 1779 1465 quie-

1000 1463 1372 1501 rebantsententiam
1383 1465 1429 1501 de
1450 1471 1572 1503 morte
1586 1468 1776 1513 eiusdari.

1000 1510 1093 1545 Nam
1117 1514 1220 1547 tanta
1253 1517 1333 1548 erat
1367 1523 1497 1549 eorum
1531 1515 1714 1561 nequitia,
1739 1520 1780 1553 ut

999 1557 1102 1610 nulla
1125 1568 1231 1594 mora
1258 1559 1577 1607 interponeretur,
1603 1563 1692 1608 quin
1714 1575 1777 1599 oc-

999 1605 1182 1657 culendus
1199 1606 1320 1644 Pilato
1337 1608 1566 1645 traderetur.
1589 1611 1632 1646 Et
1649 1610 1701 1646 sie
1720 1610 1777 1648 bis

999 1652 1070 1688 suit
1090 1654 1294 1691 concilium
1312 1655 1517 1701 impiorum
1530 1657 1776 1695 adversusJe-

999 1710 1081 1752 sum
1101 1711 1108 1736 :
1130 1702 1268 1747 primo,
1302 1707 1388 1739 ante
1421 1704 1509 1750 galli
1542 1709 1710 1750 cantum,
1737 1711 1777 1742 ut

998 1757 1119 1784 Visum
1143 1755 1200 1786 est
1226 1750 1419 1796 superius;
1445 1753 1612 1789 secundo
1628 1781 1636 1797 ‚
1665 1763 1776 1790 mane

997 1795 1208 1841 confestim,
1220 1799 1372 1844 quando
1385 1798 1466 1835 dies
1476 1803 1532 1835 est
1546 1800 1680 1844 factus,
1692 1811 1774 1837 cum

995 1844 1192 1881 vincientes
1227 1847 1349 1882 Jesum
1384 1847 1570 1883 (lzcoeerunt
1597 1849 1705 1884 illum
1732 1851 1777 1885 ‘in

996 1893 1189 1928 concilium
1211 1904 1330 1929 suum.
1351 1893 1446 1938 Quia
1467 1894 1566 1930 enim
1593 1906 1637 1931 ex
1669 1897 1774 1932 testi-

995 1937 1133 1990 moniis
1150 1941 1371 1988 praehabitis
1394 1953 1470 1978 non
1491 1943 1684 1979 habebant
1704 1944 1775 1980 ali-

996 1986 1100 2032 quid,
1127 1989 1226 2025 unde
1257 2000 1385 2026 coram
1414 1989 1534 2026 Pilato
1561 1990 1657 2027 sicut
1688 2002 1774 2028 reus

996 2037 1129 2072 mortis
1150 2039 1318 2073 accusari
1341 2042 1487 2084 posset3
1510 2038 1594 2074 ideo
1616 2038 1773 2075 ulterius

995 2085 1256 2128 consulebant,
1279 2085 1454 2131 qualiter,
1474 2088 1511 2122 et
1533 2096 1606 2132 qua
1625 2087 1773 2124 ratione

995 2137 1081 2168 eum
1104 2136 1224 2168 morte
1242 2132 1397 2178 dignum
1417 2138 1652 2170 accusarent.

1045 2193 1062 2216 2
1087 2180 1264 2216 Cmusrns
1289 2192 1329 2216 sn
1351 2192 1436 2216 essi:
1463 2182 1590 2217 Fimmt
1613 2183 1679 2218 Dm
1716 2194 1775 2218 PA-

995 2240 1065 2266 thu
1086 2239 1281 2264 CONFITENS
1315 2240 1520 2265 munina.
1547 2249 1590 2254 -
1613 2230 1658 2265 Et
1684 2233 1773 2265 tunc

994 2277 1309 2321 interogaverunt
1328 2286 1414 2312 eum
1429 2277 1608 2312 dieentes.-
1621 2278 1662 2314 Si
1683 2280 1722 2312 tu
1736 2288 1772 2313 es

996 2326 1175 2367 Christus,
1201 2323 1237 2358 id
1257 2326 1312 2359 est
1334 2334 1396 2360 rex
1414 2327 1451 2359 et
1468 2328 1616 2367 unctus,
1629 2325 1689 2360 die
1708 2335 1772 2361 no-

997 2373 1063 2408 bis.
1088 2371 1156 2407 Ubi
1182 2371 1308 2407 Beda:
1335 2385 1353 2404 «
1381 2372 1460 2407 Non
1488 2371 1683 2408 veritatem
1707 2372 1772 2408 de-

995 2419 1231 2462 siderabant,
1268 2418 1334 2454 sod
1368 2418 1598 2455 calumniam
1626 2430 1770 2465 praepa—

995 2469 1144 2504 rabant.
1166 2465 1361 2511 Siquidem
1372 2466 1561 2503 Christum
1579 2467 1769 2503 hominem

995 2514 1258 2552 tautummodo
1279 2514 1325 2550 de
1353 2514 1470 2561 stirpe
1493 2513 1609 2550 David
1630 2518 1772 2551 ventu—

995 2573 1079 2598 rum
1100 2564 1311 2608 sperantes,
1325 2562 1394 2598 hoc
1413 2563 1460 2598 al)
1475 2573 1518 2598 eo
1534 2564 1771 2608 quaerebant,

995 2614 1034 2647 ut
1056 2609 1084 2645 si
1108 2610 1250 2645 diceret
1269 2610 1369 2655 :Ego
1394 2620 1476 2645 sum
1498 2609 1684 2654 Christus,
1706 2620 1770 2646 ca-

995 2658 1274 2694 lumniarentur
1302 2658 1404 2703 quod
1431 2657 1500 2693 sibi
1526 2657 1671 2704 regiam
1697 2668 1770 2703 po-

994 2708 1172 2742 testatem
1193 2708 1403 2752 arrogaret,
1427 2709 1459 2740 vt
1479 2705 1526 2741 ob
1553 2706 1621 2741 lior
1642 2716 1663 2741 a
1685 2715 1772 2749 rege

996 2752 1208 2800 puniendus
1234 2756 1347 2788 esset.
1377 2766 1393 2785 n
1427 2755 1472 2789 Et
1504 2754 1560 2789 ait
1587 2754 1693 2788 illis:
1731 2753 1773 2788 Si

994 2801 1097 2836 vobis
1118 2801 1260 2841 dixero,
1279 2799 1418 2837 scilicet
1441 2801 1540 2846 quod
1567 2801 1636 2836 sim
1665 2797 1772 2835 Cliri-

996 2851 1089 2892 stus,
1111 2859 1182 2884 non
1203 2849 1352 2884 creditis
1375 2850 1478 2885 mihi,
1503 2848 1597 2883 sic-ut
1624 2851 1656 2881 (ει
1681 2845 1773 2882 alias
