1924 3157
210 179 266 211 16⁸.»
646 169 854 204 SECUNDAE
893 169 1047 204 PARTIS
1087 169 1223 203 CAPUT
1264 169 1391 202 LXt'll

208 244 433 283 latronibus.
464 241 556 277 Vide
590 239 803 283 caritatem,
831 237 919 285 quia
940 237 995 274 in-

209 294 336 334 dumet
364 287 690 335 crucifigentibus.
715 286 810 323 Vide
836 290 872 322 et
902 297 992 331 pau-

209 342 393 386 pertatem
424 349 432 372 :
473 345 617 382 pauper
646 333 745 370 enim
776 332 846 369 suit
884 337 921 369 et
956 334 992 368 in

210 386 417 423 laboribus
440 384 707 429 Paupertatem
733 384 836 417 tuam
859 385 992 416 osten-

210 435 263 470 dit
279 431 383 473 milii,
409 441 552 477 pauper
571 431 673 471 Jesu‚
698 433 818 465 mater
838 431 918 471 tua,
941 428 993 479 t'a-

210 480 315 517 milia
349 484 427 522 tua,
464 478 599 514 domus
629 480 715 521 tua;
757 476 906 516 domus,
940 485 991 509 in-

213 538 339 574 quam,
367 524 556 572 praesepii,
593 523 788 564 coenaculi,
815 521 988 574 patibuli,

212 578 249 612 et
270 573 418 616 tumuli,
447 583 515 609 nec
537 582 611 608 non
634 570 849 616 equitatura
876 579 991 605 asiiiae

213 626 247 659 et
271 620 375 669 pulli.
409 619 476 657 Ubi
498 622 583 656 sunt
620 617 782 665 insigma
803 620 879 656 tua,
916 617 992 651 Rex

211 679 356 715 regum,
380 667 553 714 princeps
582 664 807 712 pastorum?
832 663 902 699 Ubi
936 666 993 698 est

210 716 423 763 equitatura
449 719 527 755 tua,
547 715 663 750 vestis
690 721 894 758 purpurea,
917 721 992 756 pa-

210 764 357 807 latium,
375 766 579 809 sceptrum,
596 759 744 802 solium,
760 762 797 795 et
818 758 992 793 diadema

212 811 345 857 regni?
367 809 436 846 Ubi
463 813 549 845 sunt
574 810 796 842 ornamenta
817 809 894 845 tua,
918 805 993 840 Sa—

212 858 344 894 cerdos
364 857 402 893 in
423 860 609 892 aeterniim
639 858 675 890 et
696 852 867 888 Pontifex
890 853 991 888 futu-

211 916 340 942 rorum
363 902 580 941 honorum?
602 900 668 937 Ubi
704 903 790 935 sunt
809 899 991 946 pretiosa,

212 955 375 989 annulus
397 954 433 986 et
449 960 614 996 gemma,
635 946 790 984 baculus
811 952 847 981 ct
874 956 993 992 cappa

216 999 350 1043 serica,
377 997 606 1034 chirothecae
633 999 669 1030 et
697 993 903 1030 sandalia?
925 992 993 1030 Ubi

170 1062 173 1073 v
214 1050 300 1084 suut
326 1056 431 1082 arma
462 1043 611 1085 bellica,
636 1042 742 1078 sortis
768 1047 925 1082 armate„
958 1045 995 1076 et

169 1097 171 1100 ⁴
212 1094 320 1131 miles
340 1091 463 1129 nove?
483 1093 563 1127 Non
585 1089 702 1127 defuit
724 1090 792 1125 tibi
813 1089 851 1124 in
872 1087 993 1134 gloria

211 1142 334 1187 alapa,
364 1139 476 1176 vestis
500 1139 599 1183 alba,
622 1141 659 1173 et
685 1147 890 1183 purpurea.
911 1137 991 1172 Non

212 1189 330 1226 defuit
351 1197 476 1234 pugna
498 1198 506 1222 z
529 1187 713 1231 superasti
749 1186 932 1220 latronem
955 1186 991 1219 et

208 1240 385 1278 mortem,
429 1233 599 1281 spoliasti
633 1231 825 1268 internum
862 1230 991 1267 omnia

210 1283 450 1330 spoliantem,
472 1280 508 1317 in
538 1279 653 1316 sunda
679 1278 928 1320 vinculorum,
951 1277 990 1313 in

209 1330 394 1378 lapidibus
426 1330 591 1375 quinque
612 1326 826 1369 vulnerum,
855 1325 892 1360 in
922 1326 988 1361 ba-

209 1379 291 1415 culo
314 1376 446 1413 crucis.
467 1375 533 1411 Ubi
553 1378 639 1410 sunt
657 1373 803 1409 codices
819 1373 889 1412 tui,
913 1374 987 1408 'Ma-

156 1439 157 1443 ‘
205 1428 319 1472 gister
353 1423 524 1468 optime?
567 1421 676 1457 Liber
713 1424 811 1464 tuus,
854 1430 989 1466 corpus

210 1478 328 1515 tuum,
365 1470 526 1516 scriptus
559 1468 662 1505 intus
692 1472 729 1504 et
761 1466 864 1510 mis,
901 1467 988 1502 srri-

211 1524 294 1567 ptus
330 1517 448 1564 spinis
488 1521 525 1553 et
569 1515 682 1552 clavis
707 1543 716 1560 ,
756 1514 988 1550 illuminatus

213 1568 313 1604 unda
345 1564 555 1612 sanguinis,
580 1564 716 1609 ligatus
747 1561 922 1605 vinculis,
944 1561 990 1598 si-

209 1619 346 1660 gnatus
368 1612 495 1649 clavis.
519 1611 680 1648 Atteude
701 1614 738 1646 et
755 1610 866 1654 hujus
888 1620 988 1645 mor-

210 1663 258 1699 tis
286 1660 588 1701 diuturnitatem,
623 1661 659 1694 et
704 1656 988 1703 praepositiones

211 1709 456 1747 acerbitatum
484 1737 492 1751 ,
522 1710 558 1742 et
598 1715 692 1750 pone
729 1715 841 1751 super
879 1709 989 1750 caput

210 1762 331 1799 tuum,
353 1756 449 1792 sii-ut
469 1755 727 1800 signat-utum
752 1751 853 1787 inter
871 1753 989 1788 ubera

211 1808 287 1843 tua.
304 1803 400 1840 sicut
419 1801 652 1844 fasciculum,
666 1800 762 1836 sicut
778 1798 988 1835 antidotum

210 1855 342 1889 contra
363 1860 512 1886 omnem
537 1849 721 1885 moi-bum.
742 1848 909 1883 Ascende
928 1859 987 1883 su-

210 1910 278 1946 per
311 1900 473 1944 palmam
502 1895 636 1939 crucis,
667 1905 731 1939 per
757 1894 988 1938 compassio-

212 1957 313 1990 nem,
335 1944 632 1986 meditationem,
660 1941 925 1985 imitationem,
950 1945 990 1977 ut

210 1994 474 2040 apprehendas
489 1990 724 2027 dulcissimos
739 1990 884 2025 fructus
895 1990 987 2035 ‹·J'us.

212 2043 315 2078 Vade
334 2051 435 2086 ergo,
456 2050 476 2075 o
499 2037 625 2074 anima
646 2047 739 2077 mea,
760 2037 807 2072 ad
826 2040 990 2072 montem

212 2089 374 2136 myrrhae
391 2091 427 2122 ct
442 2086 638 2123 considera
648 2084 884 2120 altitudinem
907 2095 991 2128 pau-

212 2135 381 2183 pertatis,
402 2133 645 2170 latitudinem
666 2131 845 2169 caritatis.
869 2131 991 2177 lougi-

212 2184 383 2220 tudinem
402 2179 631 2222 acerbitatis,
648 2178 938 2215 amaritu·.tinem
956 2182 992 2214 et

214 2231 384 2267 dolorem
413 2228 559 2272 mortis,
579 2231 617 2264 et
645 2227 740 2263 affer
769 2237 913 2263 ramum
932 2226 990 2261 vi-

214 2277 333 2314 rentis
352 2276 460 2313 olivae
481 2276 528 2312 ad
555 2285 680 2311 arcum
701 2279 775 2310 tuae
795 2273 991 2310 conscien-

217 2325 292 2362 tiae.
312 2324 446 2368 Accipe
467 2323 595 2367 etiam,
619 2322 793 2358 columba
808 2332 892 2357 mea
911 2332 993 2367 gra—

214 2383 304 2409 num
327 2371 517 2415 frumenti,
539 2371 765 2406 seminatum
801 2370 838 2404 in
869 2370 994 2404 Incar-

216 2419 383 2472 natione,
408 2420 444 2454 iii
473 2424 574 2453 terra
602 2415 768 2470 Virginis
803 2416 991 2462 gloriosae,

216 2476 415 2514 praecisum
433 2476 469 2500 iii
485 2474 785 2508 circumcisione,
797 2474 992 2500 excussum

214 2518 251 2550 et
272 2513 499 2559 flagellatum
524 2514 559 2547 in
577 2512 769 2555 Passioiie,
790 2510 992 2547 candidum

217 2561 255 2597 in
292 2566 430 2604 mente,
459 2559 707 2595 rubicundum
736 2558 775 2593 in
819 2568 990 2604 corpore,

217 2608 376 2644 divisum
408 2607 445 2642 in
474 2607 605 2651 latere,
641 2605 932 2651 multiplicatum
955 2606 990 2640 in

216 2655 594 2700 morte‚reconditiiiii
609 2653 645 2688 iu
660 2655 794 2689 horreo
808 2652 844 2688 in
855 2654 994 2689 Ascen-

215 2703 336 2740 sione.
372 2703 449 2738 Hoc
485 2700 533 2736 sit
558 2705 662 2736 tuuiii
695 2701 876 2744 edulium,
913 2700 992 2746 pul·

215 2753 397 2790 mentum,
420 2753 456 2784 et
477 2747 668 2784 viaticum.
686 2748 722 2784 Si
743 2753 869 2784 autem
890 2746 994 2784 fasti-

213 2797 268 2835 dit
285 2795 484 2845 appetitus‚
508 2796 538 2832 si
565 2795 727 2832 lacescat
746 2794 904 2833 interior
923 2805 992 2841 gu-

1069 241 1162 281 stus,
1183 235 1337 273 'adhibe
1374 246 1514 282 agnum
1551 235 1846 281 immaculatum,

1068 285 1232 330 adjunge
1262 287 1300 320 et
1325 283 1462 323 piscem
1484 287 1647 320 assatum
1675 283 1712 320 in
1740 283 1847 320 crati-

1067 332 1151 367 cula
1166 331 1298 367 crucis.
1319 331 1477 374 Revera,
1492 331 1588 366 bone
1607 332 1706 375 Jesu,
1727 342 1847 378 agnus

1068 389 1120 421 es,
1143 382 1179 414 et
1199 381 1353 424 propter
1376 376 1603 413 medicinam
1638 383 1755 422 tuam,
1777 389 1844 425 pa-

1066 425 1253 469 tientiam,
1278 429 1315 461 et
1341 426 1590 460 innocentiam
1614 429 1725 470 atque
1747 425 1847 462 noti—

1067 474 1157 510 tiam
1182 484 1189 509 :
1214 471 1390 517 agnoscis
1411 471 1548 518 quippe
1571 473 1725 508 Matrem
1746 476 1848 509 tuam

1067 520 1105 556 in
1126 519 1308 566 patibulo,
1336 519 1529 564 Virginem
1551 518 1702 566 virgini,
1729 521 1848 557 Evan-

1067 568 1239 614 gelistam
1287 566 1535 611 Evangelistae
1591 567 1846 603 commendas.

1068 615 1104 651 Si
1139 619 1265 651 autem
1303 614 1464 660 amplius
1500 612 1687 649 desideret
1721 617 1848 659 gustus

1070 666 1174 707 tuus3
1197 662 1227 698 si
1263 672 1337 697 non
1366 659 1525 707 quiescit
1559 659 1760 707 appetitus,
1788 661 1846 698 fac

1066 710 1297 757 pulmentum
1317 709 1362 744 de
1384 707 1485 754 pisce
1503 711 1643 753 assato,
1667 711 1702 744 ut
1719 718 1844 745 come-

1068 759 1149 793 das.
1163 756 1280 793 Piscis
1295 760 1443 793 assatus
1453 755 1621 792 Christus
1637 758 1844 801 passusest,

1068 806 1229 841 nutritus
1251 803 1288 839 in
1311 803 1417 850 aquis
1437 802 1706 848 tribulationis,
1729 813 1846 850 aper—

1067 856 1124 888 tus
1145 852 1182 887 in
1211 852 1342 892 latere,
1368 854 1634 897 exsquamatus
1655 850 1694 886 in
1714 861 1844 896 exspo—

1068 899 1234 942 liatione,
1263 898 1412 934 sallitus
1430 897 1466 933 in
1501 901 1698 944 sputorum
1724 897 1848 934 multi-

1067 946 1283 992 plicatione,
1325 948 1474 981 assatus
1498 944 1536 981 in
1566 955 1688 981 cruce.
1728 945 1846 992 Hujus

1068 993 1153 1029 selle
1174 992 1284 1039 piscis
1303 991 1445 1039 inunge
1467 992 1594 1028 oculos
1612 995 1711 1035 tuos,
1737 995 1777 1028 ut
1797 993 1848 1028 vi-

1068 1041 1171 1084 deas,
1195 1040 1225 1076 si
1247 1046 1303 1076 est
1320 1040 1427 1076 dolor
1447 1039 1542 1075 sicut
1562 1039 1670 1075 dulor
1688 1039 1783 1086 ejus.

1114 1092 1133 1124 5
1155 1090 1249 1125 LAus
1270 1099 1312 1123 ET
1333 1099 1515 1124 PRAECONIA
1536 1098 1670 1131 cuneis,
1691 1098 1771 1128 QiJAE
1784 1098 1848 1124 No·

1067 1148 1120 1172 Bis
1142 1148 1248 1172 OMNIS
1270 1147 1419 1171 GENERIS
1435 1147 1531 1171 ARMA
1552 1146 1780 1171 SUPPEDITAT.
1801 1155 1846 1161 -

1068 1183 1103 1220 Si
1126 1183 1321 1230 contingat
1341 1184 1562 1230 plerumque
1582 1186 1682 1218 stare
1699 1181 1735 1218 in
1750 1182 1843 1228 acie,

1066 1230 1191 1277 accipe
1210 1235 1353 1267 scutum
1369 1230 1526 1274 militiae,
1540 1229 1714 1266 vexillum
1731 1229 1846 1266 victo-

1066 1279 1145 1322 riae,
1162 1289 1289 1315 arcum
1306 1278 1451 1324 gloriae.
1473 1279 1626 1314 Scutum
1646 1277 1732 1321 hoc,
1745 1277 1845 1323 quod

1065 1326 1172 1362 miles
1204 1329 1337 1362 contra
1370 1326 1495 1361 hostes
1524 1325 1635 1361 debet
1658 1324 1843 1371 accipere,

1065 1377 1218 1420 propter
1229 1373 1403 1420 figuram,
1419 1372 1617 1418 picturam,
1635 1372 1842 1409 efficaciam

1065 1425 1101 1457 et
1124 1423 1335 1464 materiam,
1360 1431 1448 1456 crux
1474 1419 1623 1456 Domini
1648 1421 1762 1456 arbor
1780 1430 1843 1456 sa-

1065 1468 1214 1504 lutifera
1253 1471 1320 1503 est.
1349 1467 1464 1513 Hujus
1493 1466 1588 1503 scuti
1624 1477 1779 1508 cornua,
1805 1466 1843 1503 in

1066 1517 1236 1551 inanibus
1261 1514 1442 1551 crucifixi.
1462 1514 1548 1550 Tria
1565 1513 1668 1550 enim
1702 1524 1845 1551 cornua

1064 1569 1126 1599 tua
1147 1564 1219 1598 tria
1239 1565 1463 1609 exsuperant
1484 1561 1613 1607 praelia
1633 1573 1640 1597 :
1660 1572 1773 1598 cornu
1790 1564 1840 1598 et-

1065 1610 1164 1647 enim
1185 1609 1430 1657 paupertatis,
1452 1612 1649 1656 exsuperat
1671 1608 1839 1645 avaritiae

1066 1658 1257 1704 praelium;
1281 1668 1399 1694 cornu
1419 1657 1652 1699 humilitatis,
1675 1667 1839 1704 pugnam

1065 1705 1269 1752 sup·¹rbiae;
1313 1706 1378 1741 sed
1418 1715 1536 1741 cornu
1572 1703 1811 1740 adversitatis
1829 1732 1838 1750 ‚

1064 1752 1256 1789 lasciviam
1292 1753 1507 1799 voluptatis.
1551 1751 1653 1788 Istud
1693 1755 1840 1788 scutum

1064 1800 1131 1837 fuit
1145 1800 1377 1836 rubricatum
1395 1803 1432 1835 et
1452 1799 1678 1845 picturatum
1693 1798 1841 1846 sangui-

1065 1859 1110 1884 ne
1134 1848 1209 1883 veri
1232 1847 1347 1893 Agni3
1374 1846 1474 1883 istud
1495 1850 1641 1883 scutum
1663 1847 1733 1882 fuit
1755 1857 1841 1893 per-

1064 1896 1226 1932 foratum
1256 1895 1399 1937 lancea,
1426 1894 1552 1938 clavis,
1587 1898 1624 1930 et
1652 1893 1771 1941 spina.
1805 1892 1842 1931 Si

1064 1946 1187 1979 autem
1214 1943 1381 1978 nondum
1410 1942 1507 1978 bene
1532 1942 1629 1978 vales
1649 1940 1840 1987 resistere,

1065 1990 1149 2026 vide
1169 2001 1312 2033 arcum,
1338 1993 1375 2025 et
1405 1989 1564 2025 benedic
1596 1989 1658 2034 qui
1681 1988 1768 2025 fecit
1800 1988 1841 2024 il-

1065 2038 1155 2073 lum.
1183 2039 1256 2073 Iste
1291 2048 1399 2073 arcus
1434 2039 1546 2073 habet
1587 2036 1767 2072 chordam
1799 2047 1842 2073 ex

1067 2096 1238 2130 corpore,
1265 2085 1406 2125 lienum
1424 2095 1466 2120 ex
1487 2095 1608 2120 crure.
1632 2086 1706 2120 Iste
1730 2094 1841 2120 arcus

1067 2132 1251 2179 percussit
1271 2132 1472 2175 latronem,
1495 2135 1677 2177 mortem3
1701 2134 1739 2167 et
1759 2131 1842 2167 vul-

1066 2182 1213 2216 neravit
1227 2180 1387 2223 hostem,
1403 2182 1618 2226 serpentem
1630 2178 1840 2225 antiquum.

1068 2228 1153 2271 Sed,
1167 2238 1212 2263 ne
1224 2227 1376 2263 inermis
1386 2232 1422 2262 et
1432 2226 1638 2273 imparatus
1646 2236 1841 2272 appareas,

1066 2275 1254 2321 praecedat
1270 2274 1442 2310 vexillum
1458 2273 1584 2320 Regis,
1601 2284 1708 2318 crux3
1721 2279 1844 2310 osten-

1068 2323 1180 2358 datur
1198 2322 1349 2368 sanguis
1370 2321 1505 2358 Christi
1525 2320 1719 2363 militibus,
1741 2323 1783 2357 ut
1802 2320 1842 2356 in

1067 2370 1239 2415 praelium
1273 2373 1470 2413 acuantur,
1499 2372 1534 2405 et
1561 2379 1632 2404 non
1656 2367 1844 2412 sormida-

1067 2417 1169 2453 bitur
1187 2417 1294 2453 fortis
1322 2420 1502 2453 armatus.
1529 2416 1565 2452 Si
1586 2415 1755 2462 insurgat
1774 2416 1842 2451 ssa-

1069 2471 1127 2500 tus
1148 2464 1336 2509 elationis',
1358 2471 1422 2500 aut
1440 2467 1571 2500 ventus
1588 2462 1843 2499 tribulationis

1068 2518 1104 2548 et
1128 2511 1364 2558 naufragium
1386 2510 1657 2558 suggestionis3
1679 2510 1840 2546 ascende

1070 2561 1104 2594 in
1120 2559 1329 2595 naviculam
1342 2564 1480 2595 saiictae
1495 2557 1629 2602 crucis,
1643 2557 1752 2594 bonis
1767 2567 1843 2593 om-

1069 2606 1181 2643 nibus
1204 2608 1394 2648 refertam,
1418 2608 1454 2642 in
1474 2608 1603 2643 dextro
1623 2606 1739 2641 latere
1760 2614 1844 2651 per-

1068 2654 1242 2697 foratam,
1261 2655 1308 2690 ab
1329 2654 1501 2690 hostibus
1520 2652 1705 2689 violenter
1723 2653 1843 2689 detra·
1861 2684 1870 2690 .

1068 2704 1179 2747 ctim,
1202 2704 1334 2738 catena
1355 2701 1587 2738 vinculorum
1610 2699 1777 2746 ligatam.
1802 2701 1843 2736 In

1067 2749 1137 2784 hac
1179 2749 1346 2786 invenies
1388 2749 1521 2785 Filium
1559 2747 1808 2784 dormientem
1831 2774 1840 2792 ,

1067 2797 1189 2833 ventis
1214 2795 1479 2844 imperantem,
1507 2798 1545 2833 et
1567 2795 1724 2832 omnino
1745 2805 1841 2832 nau-
