1924 3157
565 131 615 165 DE
656 131 802 171 raim,
846 131 887 165 [N
929 132 1143 166 PASSIONE
1184 130 1352 165 nonlxl.
1735 125 1777 159 57

144 202 239 238 sorte
266 212 330 246 per
367 201 637 238 revelationem
669 200 841 237 audierat
863 202 922 236 Je-

144 260 224 286 sum
246 249 382 285 dixisse
410 249 614 295 aliquando
639 260 646 284 z
670 249 822 284 Reddite
843 259 922 293 ‹111ae

142 301 228 332 sunt
268 298 419 333 Caesaresss
463 298 609 335 eft-sari,
652 299 684 331 et
721 307 800 340 quae
837 299 921 331 szmt

143 347 208 380 Dei
234 347 326 387 Deo3
361 344 458 379 unde
492 343 626 379 transit
664 342 709 378 ad
756 343 920 386 tertiam,

143 402 226 437 quie
251 391 370 438 magis
389 392 570 437 tangebat
597 401 696 433 eum,
725 393 760 425 et
784 391 920 425 Roma-

144 449 232 474 num
257 439 472 486 imperium,
507 442 542 474 rt
570 438 768 473 videbatui·
790 441 922 472 contra

143 487 384 533 Imperatoris
421 488 616 530 honorem,
646 483 787 519 scilicet
821 485 920 530 quod

142 533 292 570 (licebat
313 545 352 570 se
372 544 456 570 esse
480 533 684 575 Christum,
709 531 746 567 id
773 536 828 567 est
852 543 920 567 un-

142 585 241 617 ctum
273 581 350 617 sive
381 583 534 626 Regem.
558 590 643 615 nam
666 578 806 614 directe
829 590 920 615 ron-

114 658 118 675 ,
142 632 199 664 tra
219 630 491 675 1mp1·i·at01·0n1
513 626 705 672 eratquml
728 626 866 672 aliquis
884 637 922 662 se

114 679 120 723 ζ
142 685 223 712 esse
260 687 384 722 regem
421 675 637 711 <ludaeorum
675 673 831 717 diceret,
859 674 922 719 qui

119 724 121 727 ’
142 722 361 769 Imperatori
388 724 555 758 Romano
568 722 636 757 sub
660 721 801 757 tributo
821 721 857 756 in
872 721 921 756 si-

141 781 256 816 gnum
293 769 537 815 subjectionis
564 768 792 804 serviebant.
824 769 923 804 Pro-

142 822 224 864 pter
246 818 344 864 quod
369 816 527 853 Romani
550 826 688 852 nomen
710 816 857 863 regium
876 817 923 852 ab

142 865 197 901 eis
218 865 471 909 abstulerant,
494 869 534 900 ut
555 874 685 900 eorum
705 863 923 910 superbiam

142 914 377 960 frangerent,
406 916 442 948 et
470 913 521 948 sic
550 911 758 947 rebellandi
781 911 923 947 occasi-

142 971 253 996 onem
275 960 465 996 tollerent.

195 1023 234 1044 ιο
254 1010 330 1052 Quo
355 1019 465 1043 sizxsu
503 1019 648 1043 nnnxun
685 1007 831 1043 Cimis‘ri
853 1019 924 1042 Nox

142 1067 204 1090 EST
222 1067 265 1091 na
287 1067 355 1091 noc
382 1067 517 1091 nttxno.
555 1076 598 1081 --
637 1056 811 1090 Introivit
840 1066 923 1098 erqo

142 1105 274 1138 iterum
312 1105 350 1138 in
377 1105 590 1149 praetorium
621 1103 776 1142 Pilatus,
807 1108 843 1137 ut
873 1101 925 1137 ibi

140 1151 329 1187 Christum
353 1151 473 1196 magis
497 1150 652 1195 pacifice
674 1153 710 1185 et
739 1149 925 1195 exquisite

141 1198 386 1241 examinaret,
418 1201 524 1234 extra
547 1197 750 1233 tumultum
773 1202 809 1233 et
830 1202 924 1232 stre-

141 1245 261 1292 pitum
282 1246 518 1289 Judaeorum,
543 1244 605 1292 qni
630 1256 702 1280 non
732 1245 926 1281 audebant

142 1296 284 1329 intrare
312 1293 549 1340 praitorium,
577 1297 610 1328 et
641 1294 781 1328 vocavit
803 1294 925 1328 Jesum

142 1345 175 1377 et
198 1341 299 1377 dimit
330 1343 363 1376 ei
386 1354 395 1376 :
421 1343 487 1385 Τιι,
518 1351 553 1375 es
582 1343 661 1377 Rem
688 1341 926 1376 Judaeomm?

143 1389 257 1432 Quasi
280 1388 312 1424 ei
335 1388 479 1425 diceret
505 1400 513 1423 t
540 1389 653 1424 Estne
687 1389 757 1423 hoe
794 1399 924 1423 verum

142 1436 241 1482 quod
269 1436 336 1472 tibi
368 1438 414 1473 ab
441 1435 518 1471 istis
539 1435 762 1481 imponitur,
785 1434 926 1470 scilicet

142 1484 244 1530 quod
266 1483 358 1519 velis
379 1484 445 1520 tibi
468 1494 653 1529 usurpare
674 1493 845 1528 regnum,
868 1483 926 1518 vel

143 1531 244 1578 quod
265 1531 316 1567 sis
344 1533 419 1567 Rex
451 1531 688 1574 Judaeorum,
717 1530 926 1566 secundum

143 1579 244 1624 quod
272 1584 455 1615 accusant
475 1582 510 1614 te
525 1579 542 1614 ⁶?
577 1578 777 1621 Quaerebat
797 1581 926 1613 utrum

143 1631 244 1662 esset
267 1637 331 1662 rex
350 1627 395 1662 de
413 1627 516 1672 jure,
539 1626 627 1671 quia
643 1626 688 1661 de
707 1626 804 1661 sacto
826 1636 925 1660 con-

140 1674 264 1710 stabat
286 1673 408 1720 ipsum
431 1684 560 1717 regem
579 1684 654 1708 non
671 1683 767 1708 esse.
794 1674 848 1713 Et,
871 1683 927 1708 se-

141 1721 309 1757 cundum
324 1722 579 1768 Theophilum,
595 1721 665 1756 hoc
678 1719 927 1765 interrogavit

142 1768 300 1813 Pilatus,
323 1772 582 1814 contemptum
599 1767 738 1814 objecti
754 1767 926 1803 criminis

142 1820 178 1852 et
202 1817 483 1853 accusationem
516 1816 736 1852 Judaeorum
767 1816 924 1851 subsan-

142 1864 282 1900 nando.
317 1864 430 1908 Quasi
459 1863 604 1900 diceret
640 1875 646 1900 :
677 1865 729 1899 Tu
765 1874 923 1910 pauper,

141 1911 309 1956 humilis,
343 1912 482 1956 nudus,
512 1910 572 1947 cui
598 1911 724 1947 nullus
757 1911 922 1956 adjutor,

141 1960 331 1995 accusaris
346 1960 392 1995 de
407 1959 515 2005 regni
534 1958 755 2003 ambitione,
766 1959 813 1994 ad
824 1959 923 2004 quod

141 2017 235 2054 opus
263 2011 318 2043 cst
340 2007 546 2043 multorum
569 2006 784 2051 adjutorum
811 2010 924 2051 atque

143 2059 380 2101 sumptuum.
418 2056 472 2097 Et,
512 2057 702 2100 respondit
721 2056 824 2089 Jesus
852 2066 862 2088 :
891 2054 924 2089 A

141 2105 328 2148 temetipso
351 2104 414 2137 hoc
434 2103 542 2146 dieis,
569 2103 638 2137 hoe
665 2104 734 2146 est,
763 2101 864 2148 quod
887 2104 925 2137 tu

143 2151 323 2193 (estimes,
353 2149 416 2196 qui
448 2160 652 2196 numquam
694 2160 751 2185 me
799 2148 925 2184 vidisti

141 2197 282 2233 talibus
308 2197 530 2241 intendere3
553 2208 599 2232 an
621 2198 690 2232 alii
719 2198 788 2232 tibi
807 2198 927 2232 clime-

141 2249 227 2281 rzmt
250 2246 293 2280 de
314 2248 398 2281 me?
426 2247 470 2280 Et
490 2249 578 2280 tunc
601 2255 787 2291 cognosce
816 2244 926 2280 radi—

140 2303 221 2328 cem
243 2292 346 2336 ‹licti‚
369 2303 412 2328 ex
437 2303 509 2338 quo
533 2292 675 2329 nullum
699 2292 848 2338 signum
869 2298 926 2327 ta-

141 2339 185 2375 lis
206 2339 457 2376 accusationis
486 2340 522 2375 in
547 2351 606 2376 me
629 2350 808 2386 umquam
831 2339 924 2374 vidi-

142 2387 203 2423 sti.
237 2389 437 2434 Respondit
458 2389 601 2423 Pilatus
620 2400 630 2423 .-
653 2388 844 2433 Namquid
865 2397 927 2431 090

140 2436 290 2471 Judaeus
310 2447 388 2470 sum
402 2439 419 2470 ί)
440 2435 553 2478 Quasi
577 2434 732 2471 Domino
752 2435 894 2471 diceret
917 2446 924 2470 :

143 2484 222 2519 Non
259 2493 341 2519 sum
369 2483 540 2527 Judaeus,
573 2487 609 2518 et
636 2482 720 2518 ideo
762 2484 807 2518 (le
847 2481 928 2518 istis

142 2530 418 2577 quaestionibus
446 2541 468 2566 a
501 2529 647 2576 meipso
682 2541 756 2565 non
777 2530 926 2576 loquor,

146 2578 461 2625 etpermeipsum
480 2578 560 2613 haec
589 2577 685 2614 scire
703 2589 778 2613 non
800 2578 925 2621 valeo;

146 2627 211 2661 sed
247 2637 333 2669 ‚qens
363 2629 427 2661 tua
447 2629 480 2660 et
503 2627 708 2671 pontifices,
732 2626 795 2671 qui
823 2629 858 2660 te
881 2626 927 2660 ab

143 2672 368 2720 alienigenis
390 2673 574 2709 deberent
596 2673 815 2717 defendere,
850 2677 926 2708 tra-

142 2721 317 2756 diderunt
338 2726 370 2756 te
395 2722 486 2755 milii
509 2730 577 2766 pro
597 2720 853 2756 malefactore.
872 2722 925 2756 'l'u

145 2778 236 2814 ergo
261 2768 322 2805 dic
347 2784 354 2806 :
380 2768 478 2812 Quid
496 2769 646 2812 fecisti?
668 2769 927 2813 Interrogatus

998 200 1126 246 itaque
1157 201 1202 236 de
1236 212 1367 246 regno,
1400 199 1591 244 respondit
1620 200 1653 233 ei
1676 200 1780 234 Jesus

996 259 1080 283 euni
1097 248 1288 292 erudiens,
1302 248 1394 284 etad
1411 247 1547 283 altiora
1565 246 1775 282 reducens:

996 298 1155 339 Refluant
1178 308 1291 330 mcum
1316 307 1385 330 nim
1407 299 1458 330 esc
1481 295 1606 329 dehoc
1628 293 1780 336 mundo,

997 343 1031 378 iil
1055 346 1123 386 est,
1148 343 1351 377 seminium
1377 345 1684 386 t'liryssostomwn,
1705 351 1780 386 po-

997 394 1112 425 testas
1143 402 1236 431 men,
1272 394 1302 423 vt
1341 389 1544 424 :dirim-iias
1578 399 1675 432 mea,
1707 398 1780 432 qua

996 448 1077 473 sum
1095 439 1268 481 ltex,non
1289 438 1398 473 lialict
1422 437 1606 481 originem
1624 441 1659 472 et
1681 435 1781 482 prin-

995 484 1132 531 cipium
1155 496 1197 520 ex
1220 484 1341 519 causis
1365 484 1563 519 mundanis
1579 487 1617 519 et
1637 494 1679 519 ex
1706 483 1780 518 lio—

996 532 1138 568 minum
1161 531 1361 572 electione3
1377 531 1442 566 sed
1461 530 1781 575 ali1111‹]e,s‹·ilicet

995 590 1016 615 a
1040 581 1150 615 Patre
1175 590 1270 622 meo,
1297 578 1358 624 qui
1384 580 1419 613 in
1441 579 1545 613 caelis
1572 583 1639 613 est.
1664 576 1776 621 Quasi

996 627 1168 663 dii-eret:
1195 628 1269 662 Rex
1298 637 1379 661 sum
1408 636 1482 661 non
1510 625 1663 670 quidem
1694 624 1779 660 talis

997 674 1146 720 qualem
1175 673 1393 719 suspicaris,
1422 673 1487 708 sed
1514 673 1629 707 inulto
1659 672 1780 716 major

997 726 1033 758 et
1050 722 1199 757 clarior.
1221 720 1441 767 Temporale
1465 719 1602 765 quippe
1621 729 1779 764 regnum

997 769 1140 816 l'ugi,et
1163 769 1306 804 nullum
1327 768 1373 803 de
1394 769 1461 803 lior,
1485 767 1633 812 signum
1653 770 1777 801 osten-

997 817 1048 853 di.
1074 817 1176 853 Unde
1201 816 1298 851 idem
1328 817 1605 859 Clu-sssostomus
1628 827 1638 849 .·
1669 828 1687 846 «
1715 815 1777 849 Ni-

998 864 1047 900 hil
1072 864 1237 910 denique
1261 864 1485 898 monstravit
1506 862 1579 898 tale
1610 873 1617 897 ε
1655 871 1778 906 neque

998 912 1098 948 enim
1121 911 1272 954 milites,
1292 921 1411 956 neque
1429 909 1634 956 principes,
1656 919 1778 954 neque

998 970 1134 1004 equos,
1151 970 1271 1003 neque
1291 959 1477 993 mulorum
1491 959 1638 1003 jugum,
1658 967 1779 1002 neque

999 1007 1101 1043 aliud
1122 1006 1212 1052 quid
1233 1006 1307 1041 tale
1329 1006 1493 1041 liabeliat
1521 1005 1620 1040 circa
1642 1007 1779 1039 semi-t-

999 1055 1142 1101 ipsum;
1162 1054 1225 1090 sed
1250 1052 1430 1089 humilem
1452 1053 1548 1088 hane
1570 1055 1605 1086 et
1627 1051 1779 1097 inopem

1001 1102 1114 1138 vitam
1146 1100 1415 1148 pertransibat,
1454 1099 1652 1136 duodecim
1691 1098 1783 1134 viles

1000 1149 1174 1185 hominos
1196 1159 1324 1184 secum
1347 1147 1647 1183 circumferens:
1666 1160 1681 1178 υ
1705 1147 1784 1181 liaec

1001 1199 1291 1241 Clirysostomus.
1311 1195 1524 1232 Secundum
1545 1193 1782 1230 divinitatem

1001 1244 1130 1281 omnia
1151 1248 1233 1279 sunt
1264 1244 1438 1289 subjecta
1463 1242 1632 1286 Cltrist03
1656 1246 1784 1277 tamen

1000 1296 1183 1339 quantum
1204 1291 1251 1327 ad
1284 1290 1558 1326 humanitatem
1589 1290 1624 1325 in
1660 1291 1782 1335 primo

1000 1340 1162 1376 adventu
1186 1350 1252 1374 suo
1275 1350 1349 1374 non
1376 1338 1475 1374 venit
1506 1338 1552 1374 ad
1580 1337 1782 1373 dominan-

1000 1388 1087 1424 dum
1101 1386 1362 1433 temporaliter
1384 1391 1420 1421 et
1434 1384 1670 1431 regnandum
1687 1396 1694 1427 ;
1717 1383 1782 1419 srd

1002 1435 1121 1481 magis
1143 1435 1188 1470 ad
1210 1434 1455 1470 serviendum
1481 1438 1518 1469 et
1543 1431 1780 1479 patiendum.

1003 1484 1104 1519 Unde
1126 1493 1201 1517 non
1225 1485 1335 1527 negat
1363 1492 1402 1517 se
1430 1491 1512 1516 esse
1536 1482 1690 1525 Regem,
1717 1479 1782 1514 sed

1003 1530 1122 1576 magis
1149 1529 1335 1573 cont-edit,
1358 1528 1446 1575 quia
1482 1528 1688 1564 secundum
1718 1537 1781 1562 ve-

1003 1577 1152 1613 ritatem
1182 1576 1262 1622 ipse
1300 1581 1382 1612 erat
1409 1577 1483 1611 Rex
1516 1585 1677 1618 regnum
1713 1585 1783 1609 ve-

1001 1629 1215 1661 rumtamen
1238 1625 1284 1660 ad
1309 1623 1520 1659 tollendum
1542 1623 1783 1657 occasionem

1001 1671 1202 1715 evadendi,
1239 1677 1426 1716 temperat
1452 1681 1557 1706 suam
1588 1668 1784 1715 responsi-

1001 1731 1126 1763 onem,
1143 1719 1289 1763 dicens,
1306 1719 1406 1765 quod
1424 1729 1498 1754 non
1514 1716 1652 1763 quaerit
1667 1717 1784 1761 liujus

1003 1767 1133 1803 mundi
1175 1767 1426 1813 temporalem
1465 1764 1783 1808 dominationem,

1000 1817 1088 1861 quia
1116 1826 1275 1862 regnum
1309 1824 1417 1850 suum
1456 1824 1531 1849 non
1555 1817 1610 1848 est
1643 1812 1689 1847 de
1715 1813 1784 1847 lioc

1001 1863 1154 1906 mundo,
1178 1865 1361 1908 quantum
1383 1861 1431 1897 ad
1459 1859 1687 1906 temporalia
1713 1858 1785 1895 ista

1000 1910 1204 1957 quaerenda
1226 1914 1262 1946 et
1284 1909 1474 1945 habenda.
1499 1910 1542 1944 Et
1564 1918 1696 1944 revera
1725 1918 1782 1942 re-

999 1969 1116 2004 gnum
1138 1958 1219 2003 ejus
1250 1968 1370 2002 neque
1394 1956 1548 2000 Judaeis,
1573 1966 1693 2001 neque
1716 1956 1787 1990 Ro-

1000 2005 1123 2042 manis
1144 2006 1344 2041 adversum
1363 2008 1457 2048 erat,
1474 2014 1540 2039 nee
1561 2002 1788 2039 dominatio-

1002 2064 1086 2089 nem
1101 2063 1231 2089 eorum
1249 2051 1480 2099 impediebat
1492 2063 1501 2095 3
1515 2052 1603 2097 quia
1620 2050 1690 2097 ipsi
1707 2054 1787 2086 tan-

1000 2105 1081 2137 tum
1103 2101 1148 2136 de
1179 2111 1296 2146 reguo
1331 2103 1497 2143 terreno,
1521 2098 1621 2144 quod
1646 2098 1692 2133 de
1716 2098 1788 2133 hoe

1002 2148 1144 2184 mundo
1177 2152 1245 2191 est,
1282 2148 1480 2183 curabant.
1507 2146 1619 2190 Qua<i
1644 2145 1788 2181 diceret

1002 2195 1076 2232 eis:
1098 2195 1251 2242 Decepti
1274 2195 1378 2240 estis,
1395 2206 1470 2230 non
1489 2192 1655 2240 impedio
1668 2192 1786 2229 domi-

1003 2243 1197 2280 nationem
1223 2247 1387 2278 vestram
1409 2241 1447 2278 in
1470 2243 1540 2277 hoc
1562 2241 1717 2283 mundo,
1739 2251 1787 2276 ne

1001 2302 1098 2327 vano
1119 2290 1286 2326 timeatis
1307 2294 1344 2326 et
1363 2289 1550 2333 saeviatis;
1577 2289 1643 2324 sed
1663 2289 1710 2324 ad
1732 2299 1788 2324 re-

1002 2349 1119 2384 gnum
1142 2340 1295 2374 cceleste
1324 2337 1423 2384 quod
1447 2348 1521 2372 non
1551 2340 1608 2372 est
1644 2336 1690 2372 de
1716 2336 1787 2371 hoc

1004 2386 1159 2430 mundo,
1192 2387 1319 2421 venite
1356 2385 1561 2428 credendo,
1596 2384 1644 2420 ad
1686 2383 1785 2430 quod

1005 2446 1068 2469 vos
1093 2432 1213 2469 invito
1242 2432 1500 2479 praedicando.
1528 2431 1699 2467 Christus
1729 2427 1786 2466 di-

1003 2481 1054 2517 xit
1085 2493 1092 2516 :
1121 2484 1284 2525 Refflzum
1314 2491 1432 2516 meum
1462 2491 1533 2515 non
1565 2484 1618 2515 est
1653 2480 1697 2513 de
1719 2480 1784 2514 hoe

1004 2530 1161 2572 mzmdo;
1183 2528 1247 2564 sed
1265 2532 1393 2564 tamen
1412 2527 1521 2563 multi
1543 2526 1705 2573 praelati.
1723 2526 1785 2572 qui

1003 2580 1090 2612 sunt
1113 2578 1196 2620 eius
1221 2575 1366 2619 vicarii,
1390 2575 1625 2611 contrarium
1653 2574 1784 2609 viden-

1003 2629 1063 2659 tur
1084 2623 1210 2660 dicere
1232 2624 1345 2668 sacto,
1364 2626 1397 2658 in
1419 2622 1568 2669 pompis
1587 2633 1626 2658 se
1649 2621 1787 2668 princi—

1002 2671 1113 2718 pibus
1140 2671 1303 2707 tei-renis
1336 2674 1547 2716 aequantes,
1576 2669 1633 2705 vel
1669 2671 1785 2704 etiam

1003 2730 1068 2755 eos
1092 2720 1329 2755 excedentes.
1356 2720 1398 2754 Et
1431 2717 1627 2763 subjungit
1649 2732 1655 2752 :
1680 2718 1721 2752 Si
1739 2727 1785 2750 ew

1003 2769 1068 2803 lior
1094 2767 1227 2803 mundo
1254 2770 1345 2802 esset
1366 2776 1518 2810 reqnum
1540 2767 1784 2806 mewnstunr,
