1924 3157
170 209 232 243 ‘230
606 210 812 246 SECUNDAE
846 210 1002 246 PARTIS
1038 209 1174 244 CAPUT
1212 208 1362 243 LXXIX

170 276 268 323 quod
293 276 376 313 talis
408 287 481 313 nou
519 280 572 313 est
600 278 834 324 puniendus;
857 289 939 315 cum

170 325 374 359 sci-undum
406 326 668 367 Angywtz'num,
698 325 822 371 aliqua
858 336 939 369 per—

170 369 370 406 mittuntur
385 372 695 416 liuinanojudicii,
719 373 938 414 incorrecta,

171 421 324 463 propter
351 419 496 461 majora
528 419 627 455 mala
663 421 827 463 vitanda,
858 430 939 465 qnae

172 469 386 499 [amcnsunt
401 465 680 510 divino-indicio
699 468 938 510 corrigenda.

170 511 261 546 Nam
285 511 425 557 aliquid
447 511 598 554 sulficit,
621 515 825 550 secundum
843 513 941 557 jndi-

171 557 268 594 cium
299 559 519 603 humanum,
557 561 655 605 qund
692 572 762 596 non
804 560 941 595 snl'licit

169 615 283 641 secun
301 609 374 641 lum
390 607 572 652 judicium
594 607 773 643 divinum.
805 610 940 643 Secun-

169 652 449 698 dumjudicium
468 654 673 690 humanum
693 654 826 690 sulficil
849 654 939 689 illu-11

172 699 217 735 de
256 709 327 745 qun
354 701 466 736 homo
494 712 567 737 non
598 706 720 748 potest
760 700 938 744 accusari,

169 756 239 782 nec
261 746 393 783 electio
420 748 501 794 eJ'us
530 748 748 794 improbari.
789 749 941 784 Constat

170 796 296 830 autem
325 795 476 830 difficile
499 805 581 831 esse
607 795 809 831 electiones
843 795 939 839 fieri,

170 840 200 876 si
223 845 373 886 possent
393 852 436 877 ex
448 843 516 877 hoc
539 844 746 888 reprobari,
767 843 864 887 quod
881 842 938 877 in-

169 887 317 924 venitur
337 888 430 924 alius
452 889 585 924 melior
603 900 713 934 quain
734 890 793 924 ille
810 888 941 935 quiest

169 934 327 978 electus;
353 935 450 970 unde
482 936 631 976 sufficit,
655 937 856 972 secundum
883 939 941 981 ju-

171 981 307 1017 dicium
325 983 545 1029 humanum,
559 987 596 1019 ul
613 983 744 1019 electio
757 983 803 1018 sit
825 993 939 1027 recta,

170 1031 208 1065 et
227 1028 388 1074 eligatur
413 1029 583 1065 idoneus.
610 1031 820 1066 Secundum
855 1041 942 1067 vero

167 1076 350 1122 judicium
387 1076 568 1122 divinum,
594 1081 631 1113 et
658 1077 940 1120 conscientiam,

173 1123 427 1160 necessarium
463 1127 519 1160 est
558 1124 698 1170 eligere
733 1125 942 1170 mvliorem,

173 1174 352 1216 qnantum
377 1171 424 1206 ad
452 1172 636 1208 honorem
661 1172 738 1216 Dei,
767 1176 802 1208 et
836 1173 943 1208 utili—

173 1220 288 1254 tatem
317 1217 516 1262 Ecclesiae3
539 1219 568 1254 si
591 1230 678 1256 vero
705 1220 840 1266 aliquis
868 1219 945 1255 mi·-

174 1275 246 1300 nus
265 1265 401 1302 bouum
424 1266 619 1312 praeeligat
649 1270 685 1303 et
705 1267 843 1312 aliquid
867 1267 943 1313 pri-

174 1317 315 1356 vatum,
354 1324 445 1358 pura
480 1313 629 1350 affectio
665 1314 838 1354 carnalis,
861 1324 945 1360 spes

174 1359 349 1395 beneficii
372 1364 406 1395 et
422 1360 606 1396 commodi
621 1362 836 1407 temporalis
861 1371 945 1397 eum

174 1411 336 1451 moveat,
367 1410 424 1443 est
461 1408 700 1444 fraudulenta
740 1409 872 1444 electio
911 1412 946 1443 et

172 1464 419 1500 personarum
432 1454 801 1502 acceptioetpeccat.
817 1454 946 1492 Sciens

173 1511 262 1546 ergo
299 1501 480 1538 Dominus
516 1503 669 1538 Petrum
704 1503 943 1548 interrogat:

172 1548 424 1584 sciebatenim
438 1550 536 1594 quod
552 1561 625 1585 non
642 1550 761 1585 solum
774 1550 947 1596 diligeret

173 1605 272 1639 eum,
292 1606 420 1632 verum
442 1597 553 1632 etiam
575 1597 659 1642 plus
678 1597 852 1633 omnibus
868 1597 948 1632 dili-

171 1646 299 1688 geret;
323 1644 388 1679 sed
410 1643 544 1684 innuit,
567 1647 607 1679 nt
626 1648 662 1680 et
682 1645 794 1680 corde
815 1646 946 1680 creda-

172 1700 265 1734 mus,
290 1693 325 1726 et
345 1701 410 1726 ore
431 1691 688 1727 confiteamur.

221 1739 241 1773 8
265 1738 385 1774 CAUTA
427 1739 534 1773 l't-:Tm
568 1750 756 1775 MODESTIA.
795 1760 841 1767 —-
872 1741 944 1775 Ne-

174 1785 295 1820 sciens
322 1789 447 1820 autem
485 1786 631 1830 Petrus,
659 1789 839 1832 quintum
879 1786 942 1822 alii

170 1832 358 1868 Christum
395 1831 615 1877 diligebant,
652 1844 724 1868 non
754 1838 809 1869 est
832 1844 945 1869 ausus

173 1878 402 1923 respondere
421 1891 428 1913 :
449 1879 536 1914 Plus
551 1890 663 1925 quam
682 1880 759 1925 alii,
779 1880 865 1926 quia
882 1892 945 1916 cor

170 1924 325 1961 alterius
346 1925 471 1962 videre
488 1937 560 1962 non
584 1930 748 1973 poterat3
770 1928 835 1963 sed
859 1939 942 1963 cum

171 1972 354 2008 modestia
371 1973 519 2009 locutus
540 1978 608 2017 est,
626 1981 663 2010 et
683 1975 853 2011 absolute
876 1986 941 2011 re-

168 2020 357 2066 spondens
382 2021 472 2056 dicit
495 2022 528 2055 ei
568 2032 576 2056 :
618 2023 752 2065 Etiam,
781 2025 939 2063 Domine,

175 2070 214 2102 tu
239 2069 309 2102 scis
340 2069 428 2112 quia
448 2079 528 2104 amo
550 2071 583 2104 te
625 2069 736 2112 Quasi
769 2069 910 2105 <lt-eret
932 2081 939 2105 :

172 2114 345 2159 Teipsum
366 2118 499 2150 testcm
526 2115 673 2160 invoco,
697 2116 758 2162 qui
783 2120 940 2153 secreto·
982 2122 983 2129 ¹

171 2171 253 2196 rum
276 2172 314 2196 es
350 2161 534 2204 conscius,
559 2163 647 2206 quia
667 2174 752 2199 amo
773 2167 823 2207 tc,
844 2167 879 2199 et
901 2168 941 2200 tu

168 2255 252 2291 aliis
277 2266 400 2291 amem
419 2263 468 2301 te,
495 2257 593 2302 quod
626 2268 694 2304 ego
719 2258 869 2302 nes-cio;
898 2262 940 2294 tu

168 2302 240 2339 scis
261 2306 441 2349 qnantum
460 2303 572 2351 diligo
594 2309 643 2348 te,
666 2308 701 2340 et
732 2307 818 2351 qnia
842 2305 937 2342 inte-

168 2358 235 2395 gro
248 2351 359 2386 corde
375 2355 409 2385 te
430 2350 556 2397 diligo.
575 2357 758 2398 quantum
778 2353 936 2388 wroalii

166 2399 202 2432 te
216 2395 374 2442 diligunt
386 2397 522 2434 nescio.
538 2400 643 2443 Item,
658 2399 745 2444 quia
767 2405 938 2446 expertus

165 2444 327 2489 propi-ite
360 2444 572 2490 fragilitatis
605 2446 644 2481 in
671 2446 807 2483 Christi
830 2458 937 2493 nega-

166 2490 267 2526 tione
304 2490 384 2534 suit,
413 2492 556 2528 caulius
584 2494 628 2528 de
668 2504 706 2529 se
746 2494 937 2537 respondit

164 2547 231 2572 ner:
247 2537 341 2572 ultra
354 2548 392 2573 se
408 2539 540 2574 essm-e
556 2539 593 2575 in
615 2541 748 2576 Christi
769 2541 934 2577 dilectio·

164 2594 212 2619 ne
234 2594 348 2620 ansus
381 2585 466 2629 snit3
491 2587 554 2621 sed
579 2588 828 2632 quantitati—m
858 2599 935 2626 suae

163 2630 371 2667 dilectionis
404 2631 599 2678 injudicio
623 2635 771 2679 Christi,
795 2636 855 2681 qui
878 2647 933 2672 se-

163 2683 264 2714 creta
291 2679 459 2715 cordium
491 2680 666 2720 intuetur,
693 2683 836 2728 posuit3
868 2694 933 2719 nee

1019 279 1069 313 Τα
1089 279 1158 312 scis
1181 277 1269 320 qnia
1287 285 1366 310 amo
1390 277 1434 311 te.
1455 275 1505 311 Ae
1525 274 1554 311 si
1576 274 1675 311 dicat
1699 286 1706 312 z
1733 276 1787 313 Tu

981 337 982 340 ¹
1017 324 1112 359 n.·sti
1141 326 1225 369 plus
1249 332 1360 368 qnam
1396 332 1478 362 εει).
1511 322 1722 358 Humilians
1748 333 1786 359 se

1014 380 1140 406 coram
1177 369 1359 415 Apo-telis
1392 379 1467 404 non
1500 369 1618 405 dicit:
1641 372 1733 406 Amo
1752 374 1787 406 to

1015 420 1098 463 plns
1133 419 1208 460 his3
1241 416 1307 451 sed
1341 415 1560 462 simpliciter
1590 428 1598 452 :
1625 418 1716 453 Amo
1741 422 1786 456 te.

1016 466 1135 499 insiru
1152 475 1202 499 τις
1219 474 1285 499 nos
1307 464 1406 508 quod
1430 474 1499 498 non
1523 463 1701 499 debemus
1723 474 1790 499 nos

1015 511 1099 547 aliis
1135 521 1382 557 prceponere,
1425 511 1490 546 sed
1532 510 1625 546 alios
1666 510 1788 547 nobis.

982 551 984 579 l
1017 558 1120 601 Quod
1142 570 1231 604 ergo
1255 560 1298 591 ilc
1320 568 1358 594 se
1385 557 1502 601 novit,
1525 556 1669 593 scilicet
1687 559 1790 603 quod

1017 606 1202 650 diligeret,
1215 604 1325 647 ‹lixit3
1343 605 1442 651 quod
1458 604 1627 646 nesi-ivit,
1647 604 1791 640 scilicet

1019 659 1142 688 utrum
1180 654 1260 697 plus
1301 652 1384 687 aliis
1423 651 1608 697 diligeret,
1657 653 1788 696 tacuit,

1018 701 1157 735 docens
1174 710 1242 735 nos
1258 701 1354 745 quod
1371 699 1406 734 in
1424 699 1548 734 dubiis
1569 709 1789 745 suspensam

1017 747 1197 783 debemus
1229 746 1456 782 sementiam
1483 750 1626 789 tenere,
1651 749 1687 782 et
1709 757 1786 782 non

1017 797 1158 829 temere
1173 794 1217 830 de
1233 794 1384 830 occultis
1396 793 1574 830 dil'finine.
1585 795 1686 829 Tunc
1698 794 1790 829 dicit

1019 843 1051 876 ei
1073 841 1266 884 Dominus,
1301 841 1464 877 officium
1499 840 1686 887 pastorale
1717 839 1789 876 sibi

1019 888 1255 923 committens
1279 900 1286 923 2
1310 890 1418 923 Pasce
1438 898 1549 931 agnos
1571 898 1677 923 τηεσε.
1696 888 1790 931 Qua-

1019 935 1047 970 si
1067 935 1206 971 dii-eret
1230 947 1237 970 :
1260 937 1334 971 Hoc
1358 935 1446 970 mihi
1466 934 1676 978 dabis,haec
1697 945 1791 981 prae-

1021 982 1150 1026 stabis,
1173 983 1203 1018 si
1220 993 1324 1018 amas
1341 994 1413 1025 me,
1434 988 1473 1018 ut
1487 993 1618 1028 pascas
1636 992 1790 1028 gregem

1021 1039 1158 1065 meum.
1200 1032 1238 1065 ln
1273 1032 1341 1065 lioc
1386 1029 1514 1067 sciam.
1545 1033 1580 1065 et
1618 1029 1791 1076 expeiiar

1021 1078 1122 1122 quod
1156 1088 1214 1113 me
1246 1088 1364 1122 amas,
1397 1077 1427 1113 si
1461 1076 1603 1113 scilicet
1635 1087 1789 1124 gregem

1021 1135 1144 1160 meum
1166 1124 1312 1171 past-iffi
1354 1124 1533 1161 exhibitio
1571 1123 1709 1170 operis,
1745 1125 1791 1159 sit

1020 1173 1191 1217 probatio
1234 1172 1458 1208 dilectionis.
1498 1172 1652 1208 Dilectio
1690 1170 1790 1207 enim

1021 1219 1099 1263 Dci,
1122 1220 1300 1264 probatur
1326 1220 1362 1255 in
1386 1219 1588 1255 dilectione
1610 1218 1763 1263 proximi
1779 1229 1796 1263 ·„

1021 1267 1081 1311 qui
1108 1277 1193 1301 vcro
1228 1278 1317 1313 opu<
1350 1266 1500 1312 pietatis
1527 1265 1694 1313 proximo
1716 1277 1790 1302 non

1020 1313 1216 1360 impendit,
1241 1313 1362 1350 minus
1384 1315 1500 1350 Deum
1528 1313 1661 1359 diligit.
1687 1313 1790 1349 Unde

1021 1362 1250 1405 Auqustinus
1270 1374 1279 1396 :
1298 1375 1315 1393 «
1333 1361 1669 1397 C2=nfiientiautem
1690 1370 1791 1398 amo-

1021 1419 1100 1444 rem
1126 1419 1249 1452 snum,
1273 1419 1360 1443 oves
1381 1419 1467 1444 suas
1499 1407 1788 1452 commendavit,

1021 1459 1212 1501 tamquam
1242 1466 1314 1491 non
1343 1460 1442 1492 esset
1473 1454 1537 1491 ubi
1575 1455 1792 1491 ostenderet

1023 1504 1153 1538 Petrus
1186 1513 1352 1539 amorem
1387 1513 1494 1538 sunm
1520 1501 1560 1538 in
1584 1502 1788 1550 Christum,

1022 1550 1092 1586 nisi
1114 1554 1211 1586 esset
1232 1556 1359 1596 pastor
1387 1550 1509 1586 fidelis
1530 1550 1598 1586 sub
1621 1548 1790 1596 principe

1022 1597 1188 1634 omnium
1216 1601 1420 1644 pastorum.
1442 1610 1458 1631 »
1479 1598 1645 1642 Cumque
1666 1596 1789 1633 Domi·

987 1643 988 1647 ’
1023 1656 1091 1681 nus
1122 1646 1283 1681 secundo
1323 1646 1369 1681 ab
1407 1644 1469 1680 illo
1508 1643 1730 1690 quaesiisset,
1757 1643 1788 1680 si

1021 1693 1142 1739 ipsum
1164 1692 1355 1737 diligeret(
1366 1696 1403 1728 et
1421 1693 1553 1728 Petrus
1573 1691 1671 1727 idem
1690 1692 1789 1736 quod

1021 1751 1133 1787 supra
1162 1739 1430 1786 respondisset,
1455 1739 1591 1775 iterum
1627 1738 1751 1775 subdit
1779 1749 1787 1774 ε

1020 1791 1129 1823 Pasce
1144 1799 1255 1831 (tanos
1274 1798 1378 1822 meos.
1398 1788 1488 1823 Cum
1505 1797 1592 1822 vero
1612 1787 1790 1822 Dominus

1019 1836 1129 1871 tertio
1154 1840 1351 1880 quarrerct,
1372 1836 1402 1869 si
1423 1844 1507 1870 eum
1525 1837 1682 1874 amaret,
1705 1843 1788 1868 con-

1020 1885 1188 1917 tristatas
1215 1886 1265 1917 cst
1296 1884 1434 1922 Petrus,
1456 1892 1500 1917 eo
1527 1881 1627 1927 quod
1653 1882 1789 1926 saepius

1019 1935 1115 1966 esset
1136 1929 1388 1974 intor·r=0g:2n1s
1406 1930 1451 1965 ab
1471 1939 1529 1971 eo,
1547 1927 1608 1974 qui
1629 1927 1787 1963 sciverat

1020 1977 1117 2023 quod
1140 1976 1414 2021 interrogabat:
1439 1980 1475 2011 et
1506 1979 1678 2011 tui-natus
1706 1974 1785 2019 suit,

1019 2035 1062 2060 eo
1078 2024 1177 2070 quod
1194 2029 1342 2059 noverat
1362 2034 1443 2059 vum
1466 2023 1559 2059 scire
1580 2022 1693 2059 etiam
1708 2032 1786 2058 om-

1020 2074 1080 2107 nia
1115 2072 1252 2115 sutura,
1280 2076 1431 2118 propter
1463 2071 1561 2117 quod
1594 2071 1720 2107 timuit
1745 2081 1789 2106 ex

1017 2120 1080 2154 tali
1117 2118 1372 2164 replicatione,
1414 2129 1458 2154 ne
1482 2118 1651 2156 Chri-tus
1680 2118 1788 2154 vellet

981 2182 983 2187 ⁴
1017 2166 1086 2202 sibi
1109 2166 1311 2212 praedicere
1345 2166 1509 2212 aliquem
1535 2176 1658 2202 casum
1679 2176 1787 2202 suum

169 2208 229 2254 qui
252 2207 435 2245 interiora
453 2210 681 2255 consideras,
715 2210 786 2246 scis
807 2211 837 2246 si
857 2212 939 2257 plus
980 2219 982 2251 j

1016 2214 1193 2257 futurum,
1208 2215 1302 2249 sicut
1318 2224 1429 2259 supra
1440 2213 1612 2260 praedixit
1629 2212 1663 2248 ei
1681 2223 1786 2249 suam

980 2293 981 2298 ,
1015 2261 1255 2306 negationem
1277 2261 1450 2300 futuram.
1478 2265 1514 2297 et
1545 2260 1630 2297 ideo
1654 2260 1785 2297 merito

1015 2308 1151 2350 timuit,
1170 2312 1206 2344 et
1228 2309 1399 2344 turbatus
1414 2308 1495 2344 fuit.
1520 2310 1638 2353 Unde,
1654 2319 1786 2345 secun-

1014 2355 1103 2391 dum
1123 2357 1426 2399 Cltrysostomum
1443 2367 1574 2393 rursus
1594 2357 1785 2400 formidat,

1014 2413 1059 2437 ne
1078 2404 1173 2438 sorte
1200 2402 1390 2438 aestimins
1412 2413 1452 2439 se
1474 2403 1644 2449 diligere,
1664 2405 1692 2440 si
1711 2414 1787 2440 non

1013 2449 1157 2494 diligat,
1201 2449 1438 2496 corripiatur.
1482 2450 1578 2487 sicut
1607 2457 1643 2487 et
1683 2450 1787 2497 prius

1013 2501 1206 2543 correptus
1233 2501 1302 2540 est,
1331 2499 1489 2534 multum
1511 2509 1550 2534 se
1569 2498 1787 2535 existimans

976 2552 979 2575 J
1012 2544 1159 2588 sortem,
1183 2545 1282 2580 unde
1306 2546 1351 2579 ad
1374 2544 1495 2590 ipsum
1517 2546 1703 2582 Christum
1728 2558 1784 2581 re-

976 2626 977 2641 ,
1011 2591 1118 2636 sugit.
1144 2594 1387 2627 Contristatns
1417 2604 1505 2639 ergo
1538 2595 1664 2628 Petrus
1685 2594 1784 2629 discit

976 2648 977 2662 ¹
1010 2641 1042 2673 οἱ
1066 2650 1072 2673 ;
1100 2641 1256 2682 Domine,
1284 2643 1322 2674 czt
1355 2643 1475 2675 omnia
1505 2643 1601 2675 nosti
1631 2643 1667 2676 et
1686 2640 1782 2676 inel'-

314 2725 320 2731 ι
974 2695 976 2726 ς
1010 2685 1135 2721 sahilia
1157 2686 1294 2729 cordis,
1318 2691 1353 2722 et
1376 2687 1587 2732 praesentia,
1612 2692 1649 2723 et
1677 2689 1782 2724 l'ulu-

161 2726 275 2761 audet
311 2737 486 2762 invocare
526 2728 793 2765 conscientiam
845 2741 932 2776 pro·
974 2738 975 2742 ’

158 2772 346 2826 priamum
359 2783 432 2820 qua
443 2773 552 2827 prius
572 2775 749 2822 deceptus
770 2777 852 2821 snit,
866 2777 929 2813 sed
973 2779 974 2788 ¹

1007 2743 1069 2776 ra3
1085 2737 1119 2768 ct
1137 2734 1180 2769 de
1193 2733 1324 2769 ultimo
1344 2734 1466 2770 cordis
1483 2734 1635 2781 protulit
1651 2746 1780 2772 aman-

1007 2779 1053 2815 tis
1074 2790 1216 2825 vocem,
1244 2779 1371 2816 dicens
1393 2792 1400 2817 ε
1428 2783 1479 2817 Tic
1498 2783 1569 2818 scis
1590 2784 1678 2828 quia
1700 2794 1786 2819 amo*

162 2819 306 2856 Domini
326 2821 767 2869 conscientiaminvocat‚
782 2824 926 2861 dicens:
971 2827 974 2862 l
1007 2829 1051 2861 te.
1073 2827 1182 2869 Quasi
1212 2826 1352 2863 dicei-ct
1376 2838 1384 2862 t
1420 2829 1473 2863 Tu
1498 2828 1570 2863 scis
1596 2830 1721 2865 omnia
1745 2834 1779 2866 et

1919 1749 1924 1790 ὲ

1918 1795 1924 1841 i

1918 1854 1924 1913 i,

1917 1930 1924 1999 i
