<?xml version="1.0" encoding="UTF-8"?>
<!DOCTYPE html PUBLIC "-//W3C//DTD XHTML 1.0 Transitional//EN"
    "http://www.w3.org/TR/xhtml1/DTD/xhtml1-transitional.dtd">
<html xmlns="http://www.w3.org/1999/xhtml" xml:lang="en" lang="en">
 <head>
  <title>
</title>
<meta http-equiv="Content-Type" content="text/html;charset=utf-8" />
  <meta name='ocr-system' content='tesseract 3.04.00' />
  <meta name='ocr-capabilities' content='ocr_page ocr_carea ocr_par ocr_line ocrx_word'/>
</head>
<body>
  <div class='ocr_page' id='page_1' title='image "./vitajesuchristie04ludouoft/vitajesuchristie04ludouoft_0360.png"; bbox 0 0 1924 3157; ppageno 0'>
   <div class='ocr_carea' id='block_1_1' title="bbox 197 193 1344 234">
    <p class='ocr_par' dir='ltr' id='par_1_1' title="bbox 197 193 1344 234">
     <span class='ocr_line' id='line_1_1' title="bbox 197 193 1344 234; baseline -0.006 -2"><span class='ocrx_word' id='word_1_1' title='bbox 197 200 257 234; x_wconf 73' lang='lat'>352</span> <span class='ocrx_word' id='word_1_2' title='bbox 706 196 847 230; x_wconf 81' lang='lat' dir='ltr'>INDEX</span> <span class='ocrx_word' id='word_1_3' title='bbox 887 194 1138 230; x_wconf 81' lang='lat' dir='ltr'><strong>GENERALIS</strong></span> <span class='ocrx_word' id='word_1_4' title='bbox 1175 193 1344 228; x_wconf 78' lang='lat' dir='ltr'><strong>RERUM·</strong></span> 
     </span>
    </p>
   </div>
   <div class='ocr_carea' id='block_1_2' title="bbox 205 264 985 737">
    <p class='ocr_par' dir='ltr' id='par_1_2' title="bbox 205 264 985 737">
     <span class='ocr_line' id='line_1_2' title="bbox 209 264 984 304; baseline -0.003 0"><span class='ocrx_word' id='word_1_5' title='bbox 209 267 426 304; x_wconf 85' lang='lat' dir='ltr'>Ostendltur</span> <span class='ocrx_word' id='word_1_6' title='bbox 469 267 606 302; x_wconf 85' lang='lat' dir='ltr'>caritas</span> <span class='ocrx_word' id='word_1_7' title='bbox 648 265 688 302; x_wconf 91' lang='lat' dir='ltr'>in</span> <span class='ocrx_word' id='word_1_8' title='bbox 724 264 984 302; x_wconf 84' lang='lat' dir='ltr'>observatione</span> 
     </span>
     <span class='ocr_line' id='line_1_3' title="bbox 254 311 982 359; baseline -0.003 -9"><span class='ocrx_word' id='word_1_9' title='bbox 254 315 517 350; x_wconf 88' lang='lat' dir='ltr'>mandatorum</span> <span class='ocrx_word' id='word_1_10' title='bbox 537 311 616 349; x_wconf 88' lang='lat' dir='ltr'>Dei.</span> <span class='ocrx_word' id='word_1_11' title='bbox 821 311 891 356; x_wconf 91' lang='grc' dir='ltr'>ΙΙΙ,</span> <span class='ocrx_word' id='word_1_12' title='bbox 916 315 982 359; x_wconf 87' lang='grc'>557</span> 
     </span>
     <span class='ocr_line' id='line_1_4' title="bbox 207 361 985 407; baseline -0.004 -10"><span class='ocrx_word' id='word_1_13' title='bbox 207 361 312 398; x_wconf 82' lang='lat' dir='ltr'>Unde</span> <span class='ocrx_word' id='word_1_14' title='bbox 346 361 441 397; x_wconf 89' lang='lat' dir='ltr'>scire</span> <span class='ocrx_word' id='word_1_15' title='bbox 469 370 666 407; x_wconf 91' lang='lat' dir='ltr'>possumus</span> <span class='ocrx_word' id='word_1_16' title='bbox 696 370 765 397; x_wconf 93' lang='lat' dir='ltr'>nos</span> <span class='ocrx_word' id='word_1_17' title='bbox 797 361 985 396; x_wconf 81' lang='lat' dir='ltr'>caritatem</span> 
     </span>
     <span class='ocr_line' id='line_1_5' title="bbox 255 406 985 451; baseline -0.003 -8"><span class='ocrx_word' id='word_1_18' title='bbox 255 408 409 444; x_wconf 88' lang='lat' dir='ltr'>habere.</span> <span class='ocrx_word' id='word_1_19' title='bbox 820 406 890 451; x_wconf 93' lang='lat' dir='ltr'><strong>III,</strong></span> <span class='ocrx_word' id='word_1_20' title='bbox 917 409 985 442; x_wconf 91' lang='lat'>558</span> 
     </span>
     <span class='ocr_line' id='line_1_6' title="bbox 209 454 984 502; baseline -0.005 -10"><span class='ocrx_word' id='word_1_21' title='bbox 209 454 353 492; x_wconf 87' lang='lat' dir='ltr'>Caritas</span> <span class='ocrx_word' id='word_1_22' title='bbox 388 457 445 490; x_wconf 91' lang='lat' dir='ltr'>est</span> <span class='ocrx_word' id='word_1_23' title='bbox 479 455 556 491; x_wconf 86' lang='lat' dir='ltr'>Deo</span> <span class='ocrx_word' id='word_1_24' title='bbox 587 454 818 502; x_wconf 88' lang='lat' dir='ltr'>praecipuum</span> <span class='ocrx_word' id='word_1_25' title='bbox 847 464 984 490; x_wconf 88' lang='lat' dir='ltr'>munus</span> 
     </span>
     <span class='ocr_line' id='line_1_7' title="bbox 254 500 982 546; baseline -0.003 -9"><span class='ocrx_word' id='word_1_26' title='bbox 254 502 502 538; x_wconf 81' lang='lat' dir='ltr'>offerendum.</span> <span class='ocrx_word' id='word_1_27' title='bbox 845 500 895 546; x_wconf 94' lang='grc' dir='ltr'>ΙΙ,</span> <span class='ocrx_word' id='word_1_28' title='bbox 921 513 982 536; x_wconf 82' lang='lat'>112</span> 
     </span>
     <span class='ocr_line' id='line_1_8' title="bbox 205 547 984 595; baseline -0.004 -10"><span class='ocrx_word' id='word_1_29' title='bbox 205 548 348 586; x_wconf 86' lang='lat' dir='ltr'>Caritas</span> <span class='ocrx_word' id='word_1_30' title='bbox 371 551 426 584; x_wconf 85' lang='lat' dir='ltr'>est</span> <span class='ocrx_word' id='word_1_31' title='bbox 449 548 563 584; x_wconf 88' lang='lat' dir='ltr'>vestis</span> <span class='ocrx_word' id='word_1_32' title='bbox 590 547 783 595; x_wconf 88' lang='lat' dir='ltr'>nuptialis,</span> <span class='ocrx_word' id='word_1_33' title='bbox 806 553 844 585; x_wconf 93' lang='lat' dir='ltr'>et</span> <span class='ocrx_word' id='word_1_34' title='bbox 872 557 984 594; x_wconf 83' lang='lat' dir='ltr'>qnam</span> 
     </span>
     <span class='ocr_line' id='line_1_9' title="bbox 251 594 985 639; baseline -0.003 -7"><span class='ocrx_word' id='word_1_35' title='bbox 251 599 355 632; x_wconf 86' lang='lat' dir='ltr'>recte</span> <span class='ocrx_word' id='word_1_36' title='bbox 375 595 428 631; x_wconf 89' lang='lat' dir='ltr'>sic</span> <span class='ocrx_word' id='word_1_37' title='bbox 446 599 612 632; x_wconf 86' lang='lat' dir='ltr'>vocetur.</span> <span class='ocrx_word' id='word_1_38' title='bbox 825 594 894 639; x_wconf 90' lang='lat' dir='ltr'>III,</span> <span class='ocrx_word' id='word_1_39' title='bbox 919 608 985 630; x_wconf 84' lang='lat'>220</span> 
     </span>
     <span class='ocr_line' id='line_1_10' title="bbox 279 642 985 737; baseline -0.004 -58"><span class='ocrx_word' id='word_1_40' title='bbox 279 643 388 737; x_wconf 78' lang='lat' dir='ltr'>(Vid)e</span> <span class='ocrx_word' id='word_1_41' title='bbox 416 643 528 689; x_wconf 90' lang='lat' dir='ltr'>plura</span> <span class='ocrx_word' id='word_1_42' title='bbox 558 642 681 680; x_wconf 87' lang='lat' dir='ltr'>verbis</span> <span class='ocrx_word' id='word_1_43' title='bbox 716 654 725 680; x_wconf 71' lang='grc' dir='ltr'><strong>ε</strong></span> <span class='ocrx_word' id='word_1_44' title='bbox 760 653 920 680; x_wconf 57' lang='lat' dir='ltr'>macno</span> <span class='ocrx_word' id='word_1_45' title='bbox 950 645 985 677; x_wconf 87' lang='lat' dir='ltr'>ct</span> 
     </span>
     <span class='ocr_line' id='line_1_11' title="bbox 252 700 361 727; baseline 0.009 -1"><span class='ocrx_word' id='word_1_46' title='bbox 252 700 361 727; x_wconf 79' lang='lat' dir='ltr'>AMOR.</span> 
     </span>
    </p>
   </div>
   <div class='ocr_carea' id='block_1_3' title="bbox 499 760 689 786">
    <p class='ocr_par' dir='ltr' id='par_1_3' title="bbox 499 760 689 786">
     <span class='ocr_line' id='line_1_12' title="bbox 499 760 689 786; baseline 0.005 -1"><span class='ocrx_word' id='word_1_47' title='bbox 499 760 689 786; x_wconf 78' lang='lat' dir='ltr'>CARNALxs.</span> 
     </span>
    </p>
   </div>
   <div class='ocr_carea' id='block_1_4' title="bbox 203 806 984 902">
    <p class='ocr_par' dir='ltr' id='par_1_4' title="bbox 203 806 984 902">
     <span class='ocr_line' id='line_1_13' title="bbox 203 806 984 854; baseline -0.004 -10"><span class='ocrx_word' id='word_1_48' title='bbox 203 808 374 845; x_wconf 83' lang='lat' dir='ltr'>Carnates</span> <span class='ocrx_word' id='word_1_49' title='bbox 400 807 575 845; x_wconf 89' lang='lat' dir='ltr'>homines</span> <span class='ocrx_word' id='word_1_50' title='bbox 609 819 685 845; x_wconf 92' lang='lat' dir='ltr'>non</span> <span class='ocrx_word' id='word_1_51' title='bbox 712 810 800 845; x_wconf 88' lang='lat' dir='ltr'>sunt</span> <span class='ocrx_word' id='word_1_52' title='bbox 825 806 984 854; x_wconf 80' lang='lat' dir='ltr'>Spiritus</span> 
     </span>
     <span class='ocr_line' id='line_1_14' title="bbox 251 853 984 902; baseline -0.003 -10"><span class='ocrx_word' id='word_1_53' title='bbox 251 855 378 893; x_wconf 81' lang='lat' dir='ltr'>Sancti</span> <span class='ocrx_word' id='word_1_54' title='bbox 399 866 566 902; x_wconf 83' lang='lat' dir='ltr'>capaces.</span> <span class='ocrx_word' id='word_1_55' title='bbox 830 853 896 897; x_wconf 89' lang='lat' dir='ltr'>lV,</span> <span class='ocrx_word' id='word_1_56' title='bbox 918 856 984 900; x_wconf 85' lang='lat'>275</span> 
     </span>
    </p>
   </div>
   <div class='ocr_carea' id='block_1_5' title="bbox 539 931 643 956">
    <p class='ocr_par' dir='ltr' id='par_1_5' title="bbox 539 931 643 956">
     <span class='ocr_line' id='line_1_15' title="bbox 539 931 643 956; baseline 0.01 -1"><span class='ocrx_word' id='word_1_57' title='bbox 539 931 643 956; x_wconf 74' lang='lat' dir='ltr'>CARO.</span> 
     </span>
    </p>
   </div>
   <div class='ocr_carea' id='block_1_6' title="bbox 204 979 987 1165">
    <p class='ocr_par' dir='ltr' id='par_1_6' title="bbox 204 979 987 1165">
     <span class='ocr_line' id='line_1_16' title="bbox 204 979 986 1063; baseline -0.003 -46"><span class='ocrx_word' id='word_1_58' title='bbox 204 981 376 1033; x_wconf 63' lang='lat' dir='ltr'>Carnium</span> <span class='ocrx_word' id='word_1_59' title='bbox 392 989 476 1016; x_wconf 90' lang='lat' dir='ltr'>esus</span> <span class='ocrx_word' id='word_1_60' title='bbox 495 980 647 1026; x_wconf 89' lang='lat' dir='ltr'>quando</span> <span class='ocrx_word' id='word_1_61' title='bbox 668 979 831 1027; x_wconf 89' lang='lat' dir='ltr'>primum</span> <span class='ocrx_word' id='word_1_62' title='bbox 844 988 986 1063; x_wconf 68' lang='lat' dir='ltr'>Icloepe-</span> 
     </span>
     <span class='ocr_line' id='line_1_17' title="bbox 204 1032 987 1158; baseline -0.006 -46"><span class='ocrx_word' id='word_1_63' title='bbox 204 1032 418 1112; x_wconf 49' lang='lat' dir='ltr'>Seglutndum</span> <span class='ocrx_word' id='word_1_64' title='bbox 434 1085 576 1112; x_wconf 83' lang='lat' dir='ltr'>carnem</span> <span class='ocrx_word' id='word_1_65' title='bbox 595 1073 792 1111; x_wconf 87' lang='lat' dir='ltr'>ambulare</span> <span class='ocrx_word' id='word_1_66' title='bbox 812 1053 902 1158; x_wconf 49' lang='lat' dir='ltr'>qiiild</span> <span class='ocrx_word' id='word_1_67' title='bbox 918 1040 987 1156; x_wconf 48' lang='grc' dir='ltr'>ἐξ</span> 
     </span>
     <span class='ocr_line' id='line_1_18' title="bbox 890 1135 959 1165; baseline 0 -9"><span class='ocrx_word' id='word_1_68' title='bbox 890 1147 899 1165; x_wconf 78' lang='lat'>‚</span> <span class='ocrx_word' id='word_1_69' title='bbox 947 1135 959 1156; x_wconf 94' lang='lat' dir='ltr'>l</span> 
     </span>
    </p>
   </div>
   <div class='ocr_carea' id='block_1_7' title="bbox 205 1191 989 1287">
    <p class='ocr_par' dir='ltr' id='par_1_7' title="bbox 205 1191 989 1287">
     <span class='ocr_line' id='line_1_19' title="bbox 508 1191 680 1217; baseline 0 0"><span class='ocrx_word' id='word_1_70' title='bbox 508 1191 680 1217; x_wconf 78' lang='lat' dir='ltr'>CAROLUS.</span> 
     </span>
     <span class='ocr_line' id='line_1_20' title="bbox 205 1237 989 1287; baseline -0.004 -9"><span class='ocrx_word' id='word_1_71' title='bbox 205 1241 327 1279; x_wconf 83' lang='lat' dir='ltr'>Caroli</span> <span class='ocrx_word' id='word_1_72' title='bbox 345 1239 470 1287; x_wconf 87' lang='lat' dir='ltr'>Magni</span> <span class='ocrx_word' id='word_1_73' title='bbox 491 1251 581 1277; x_wconf 87' lang='lat' dir='ltr'>cura</span> <span class='ocrx_word' id='word_1_74' title='bbox 598 1239 637 1276; x_wconf 93' lang='lat' dir='ltr'>in</span> <span class='ocrx_word' id='word_1_75' title='bbox 654 1240 862 1286; x_wconf 82' lang='lat' dir='ltr'><strong>Martyrum</strong></span> <span class='ocrx_word' id='word_1_76' title='bbox 884 1237 989 1275; x_wconf 88' lang='lat' dir='ltr'>Actis</span> 
     </span>
    </p>
   </div>
   <div class='ocr_carea' id='block_1_8' title="bbox 206 1285 990 1806">
    <p class='ocr_par' dir='ltr' id='par_1_8' title="bbox 206 1285 990 1806">
     <span class='ocr_line' id='line_1_21' title="bbox 253 1285 987 1335; baseline -0.004 -10"><span class='ocrx_word' id='word_1_77' title='bbox 253 1287 540 1335; x_wconf 83' lang='lat' dir='ltr'><strong>investigandis.</strong></span> <span class='ocrx_word' id='word_1_78' title='bbox 873 1285 925 1332; x_wconf 90' lang='lat' dir='ltr'>II,</span> <span class='ocrx_word' id='word_1_79' title='bbox 944 1289 987 1322; x_wconf 90' lang='lat'>55</span> 
     </span>
     <span class='ocr_line' id='line_1_22' title="bbox 525 1364 671 1391; baseline 0.014 -2"><span class='ocrx_word' id='word_1_80' title='bbox 525 1364 671 1391; x_wconf 79' lang='lat' dir='ltr'>cARPUS.</span> 
     </span>
     <span class='ocr_line' id='line_1_23' title="bbox 207 1411 990 1461; baseline -0.005 -10"><span class='ocrx_word' id='word_1_81' title='bbox 207 1416 318 1461; x_wconf 80' lang='lat' dir='ltr'><em>Carpi</em></span> <span class='ocrx_word' id='word_1_82' title='bbox 335 1414 428 1451; x_wconf 87' lang='lat' dir='ltr'>visio</span> <span class='ocrx_word' id='word_1_83' title='bbox 444 1414 489 1451; x_wconf 90' lang='lat' dir='ltr'>de</span> <span class='ocrx_word' id='word_1_84' title='bbox 505 1424 634 1450; x_wconf 90' lang='lat' dir='ltr'>amore</span> <span class='ocrx_word' id='word_1_85' title='bbox 651 1414 739 1450; x_wconf 89' lang='lat' dir='ltr'>Jesu</span> <span class='ocrx_word' id='word_1_86' title='bbox 750 1411 884 1450; x_wconf 83' lang='lat' dir='ltr'>Christi</span> <span class='ocrx_word' id='word_1_87' title='bbox 901 1421 990 1457; x_wconf 84' lang='lat' dir='ltr'>erga</span> 
     </span>
     <span class='ocr_line' id='line_1_24' title="bbox 252 1458 985 1505; baseline -0.005 -7"><span class='ocrx_word' id='word_1_88' title='bbox 252 1473 334 1498; x_wconf 89' lang='lat' dir='ltr'>nos.</span> <span class='ocrx_word' id='word_1_89' title='bbox 852 1458 919 1505; x_wconf 91' lang='lat' dir='ltr'>IV,</span> <span class='ocrx_word' id='word_1_90' title='bbox 948 1472 985 1495; x_wconf 90' lang='lat'>11</span> 
     </span>
     <span class='ocr_line' id='line_1_25' title="bbox 509 1531 687 1557; baseline -0.006 -1"><span class='ocrx_word' id='word_1_91' title='bbox 509 1531 687 1557; x_wconf 72' lang='lat' dir='ltr'>CAsrrrAS.</span> 
     </span>
     <span class='ocr_line' id='line_1_26' title="bbox 206 1577 989 1626; baseline -0.004 -9"><span class='ocrx_word' id='word_1_92' title='bbox 206 1580 399 1618; x_wconf 85' lang='lat' dir='ltr'>Castitatis</span> <span class='ocrx_word' id='word_1_93' title='bbox 417 1582 496 1617; x_wconf 90' lang='lat' dir='ltr'>tres</span> <span class='ocrx_word' id='word_1_94' title='bbox 516 1583 603 1616; x_wconf 90' lang='lat' dir='ltr'>sunt</span> <span class='ocrx_word' id='word_1_95' title='bbox 623 1578 778 1626; x_wconf 81' lang='lat' dir='ltr'>gradus.</span> <span class='ocrx_word' id='word_1_96' title='bbox 847 1577 899 1624; x_wconf 93' lang='grc' dir='ltr'>ΙΙ,</span> <span class='ocrx_word' id='word_1_97' title='bbox 925 1580 989 1625; x_wconf 83' lang='lat'>159</span> 
     </span>
     <span class='ocr_line' id='line_1_27' title="bbox 524 1654 669 1682; baseline 0.021 -3"><span class='ocrx_word' id='word_1_98' title='bbox 524 1654 669 1682; x_wconf 79' lang='lat' dir='ltr'>CASULA.</span> 
     </span>
     <span class='ocr_line' id='line_1_28' title="bbox 207 1700 987 1752; baseline -0.006 -10"><span class='ocrx_word' id='word_1_99' title='bbox 207 1704 341 1742; x_wconf 85' lang='lat' dir='ltr'><em>Casula</em></span> <span class='ocrx_word' id='word_1_100' title='bbox 360 1703 450 1752; x_wconf 89' lang='lat' dir='ltr'>quid</span> <span class='ocrx_word' id='word_1_101' title='bbox 471 1703 608 1750; x_wconf 85' lang='lat' dir='ltr'>signet.</span> <span class='ocrx_word' id='word_1_102' title='bbox 853 1700 920 1747; x_wconf 91' lang='lat' dir='ltr'>IV,</span> <span class='ocrx_word' id='word_1_103' title='bbox 945 1704 987 1737; x_wconf 85' lang='lat'>62</span> 
     </span>
     <span class='ocr_line' id='line_1_29' title="bbox 517 1779 663 1806; baseline 0.014 -2"><span class='ocrx_word' id='word_1_104' title='bbox 517 1779 663 1806; x_wconf 79' lang='lat' dir='ltr'>CENSUS.</span> 
     </span>
    </p>
   </div>
   <div class='ocr_carea' id='block_1_9' title="bbox 205 1831 989 1925">
    <p class='ocr_par' dir='ltr' id='par_1_9' title="bbox 205 1831 989 1925">
     <span class='ocr_line' id='line_1_30' title="bbox 205 1831 989 1880; baseline -0.005 -8"><span class='ocrx_word' id='word_1_105' title='bbox 205 1834 355 1872; x_wconf 82' lang='lat' dir='ltr'>censum</span> <span class='ocrx_word' id='word_1_106' title='bbox 381 1833 590 1871; x_wconf 90' lang='lat' dir='ltr'>devotionis</span> <span class='ocrx_word' id='word_1_107' title='bbox 620 1831 808 1880; x_wconf 86' lang='lat' dir='ltr'>quomodo</span> <span class='ocrx_word' id='word_1_108' title='bbox 841 1831 989 1868; x_wconf 86' lang='lat' dir='ltr'>debea-</span> 
     </span>
     <span class='ocr_line' id='line_1_31' title="bbox 252 1878 988 1925; baseline -0.003 -7"><span class='ocrx_word' id='word_1_109' title='bbox 252 1891 336 1919; x_wconf 87' lang='lat' dir='ltr'>mus</span> <span class='ocrx_word' id='word_1_110' title='bbox 356 1883 515 1918; x_wconf 91' lang='lat' dir='ltr'>solvere.</span> <span class='ocrx_word' id='word_1_111' title='bbox 889 1878 922 1925; x_wconf 90' lang='grc' dir='ltr'>Ι,</span> <span class='ocrx_word' id='word_1_112' title='bbox 944 1883 988 1916; x_wconf 88' lang='grc'>66</span> 
     </span>
    </p>
   </div>
   <div class='ocr_carea' id='block_1_10' title="bbox 505 1953 693 1980">
    <p class='ocr_par' dir='ltr' id='par_1_10' title="bbox 505 1953 693 1980">
     <span class='ocr_line' id='line_1_32' title="bbox 505 1953 693 1980; baseline 0.005 -1"><span class='ocrx_word' id='word_1_113' title='bbox 505 1953 693 1980; x_wconf 81' lang='lat' dir='ltr'>CENTURIO.</span> 
     </span>
    </p>
   </div>
   <div class='ocr_carea' id='block_1_11' title="bbox 201 2000 988 2191">
    <p class='ocr_par' dir='ltr' id='par_1_11' title="bbox 201 2000 988 2144">
     <span class='ocr_line' id='line_1_33' title="bbox 204 2000 988 2049; baseline -0.003 -10"><span class='ocrx_word' id='word_1_114' title='bbox 204 2003 434 2040; x_wconf 81' lang='lat' dir='ltr'><em>centurionis</em></span> <span class='ocrx_word' id='word_1_115' title='bbox 454 2003 624 2048; x_wconf 85' lang='lat' dir='ltr'>insignes</span> <span class='ocrx_word' id='word_1_116' title='bbox 644 2002 816 2038; x_wconf 83' lang='lat' dir='ltr'>virtutes.</span> <span class='ocrx_word' id='word_1_117' title='bbox 867 2000 900 2046; x_wconf 90' lang='grc' dir='ltr'>Ι,</span> <span class='ocrx_word' id='word_1_118' title='bbox 920 2004 988 2049; x_wconf 82' lang='grc'>549</span> 
     </span>
     <span class='ocr_line' id='line_1_34' title="bbox 202 2049 987 2096; baseline -0.001 -10"><span class='ocrx_word' id='word_1_119' title='bbox 202 2050 298 2094; x_wconf 87' lang='lat' dir='ltr'>Quid</span> <span class='ocrx_word' id='word_1_120' title='bbox 313 2049 468 2096; x_wconf 81' lang='lat' dir='ltr'>mystice</span> <span class='ocrx_word' id='word_1_121' title='bbox 482 2049 682 2094; x_wconf 77' lang='lat' dir='ltr'>significet.</span> <span class='ocrx_word' id='word_1_122' title='bbox 735 2049 766 2094; x_wconf 88' lang='grc' dir='ltr'>Ι,</span> <span class='ocrx_word' id='word_1_123' title='bbox 784 2051 852 2085; x_wconf 88' lang='grc'>552</span> <span class='ocrx_word' id='word_1_124' title='bbox 872 2053 905 2085; x_wconf 82' lang='lat' dir='ltr'>et</span> <span class='ocrx_word' id='word_1_125' title='bbox 919 2053 987 2085; x_wconf 93' lang='lat'>555</span> 
     </span>
     <span class='ocr_line' id='line_1_35' title="bbox 201 2096 988 2144; baseline -0.003 -10"><span class='ocrx_word' id='word_1_126' title='bbox 201 2098 255 2134; x_wconf 94' lang='lat' dir='ltr'>De</span> <span class='ocrx_word' id='word_1_127' title='bbox 277 2099 490 2134; x_wconf 78' lang='lat' dir='ltr'>centurione</span> <span class='ocrx_word' id='word_1_128' title='bbox 509 2096 690 2134; x_wconf 83' lang='lat' dir='ltr'>Calvariae</span> <span class='ocrx_word' id='word_1_129' title='bbox 710 2100 839 2144; x_wconf 87' lang='lat' dir='ltr'>pectus</span> <span class='ocrx_word' id='word_1_130' title='bbox 861 2107 988 2142; x_wconf 90' lang='lat' dir='ltr'>percu-</span> 
     </span>
    </p>

    <p class='ocr_par' dir='ltr' id='par_1_12' title="bbox 250 2143 987 2191">
     <span class='ocr_line' id='line_1_36' title="bbox 250 2143 987 2191; baseline 0 -11"><span class='ocrx_word' id='word_1_131' title='bbox 250 2143 381 2181; x_wconf 82' lang='lat' dir='ltr'>tiente.</span> <span class='ocrx_word' id='word_1_132' title='bbox 842 2143 910 2191; x_wconf 85' lang='lat' dir='ltr'>IV,</span> <span class='ocrx_word' id='word_1_133' title='bbox 924 2147 987 2180; x_wconf 83' lang='lat'>152</span> 
     </span>
    </p>
   </div>
   <div class='ocr_carea' id='block_1_12' title="bbox 488 2215 706 2242">
    <p class='ocr_par' dir='ltr' id='par_1_13' title="bbox 488 2215 706 2242">
     <span class='ocr_line' id='line_1_37' title="bbox 488 2215 706 2242; baseline 0.009 -2"><span class='ocrx_word' id='word_1_134' title='bbox 488 2215 706 2242; x_wconf 85' lang='lat' dir='ltr'>CHARACTER.</span> 
     </span>
    </p>
   </div>
   <div class='ocr_carea' id='block_1_13' title="bbox 206 2260 988 2357">
    <p class='ocr_par' dir='ltr' id='par_1_14' title="bbox 206 2260 988 2357">
     <span class='ocr_line' id='line_1_38' title="bbox 206 2260 988 2300; baseline -0.004 0"><span class='ocrx_word' id='word_1_135' title='bbox 206 2262 401 2300; x_wconf 72' lang='lat' dir='ltr'><em>character</em></span> <span class='ocrx_word' id='word_1_136' title='bbox 420 2262 559 2299; x_wconf 80' lang='lat' dir='ltr'>Christi</span> <span class='ocrx_word' id='word_1_137' title='bbox 587 2266 624 2300; x_wconf 89' lang='lat' dir='ltr'>et</span> <span class='ocrx_word' id='word_1_138' title='bbox 651 2264 837 2300; x_wconf 80' lang='lat' dir='ltr'>character</span> <span class='ocrx_word' id='word_1_139' title='bbox 857 2260 988 2298; x_wconf 91' lang='lat' dir='ltr'>diabo-</span> 
     </span>
     <span class='ocr_line' id='line_1_39' title="bbox 253 2308 987 2357; baseline -0.001 -11"><span class='ocrx_word' id='word_1_140' title='bbox 253 2309 280 2346; x_wconf 89' lang='lat' dir='ltr'>li</span> <span class='ocrx_word' id='word_1_141' title='bbox 299 2309 390 2357; x_wconf 89' lang='lat' dir='ltr'>quid</span> <span class='ocrx_word' id='word_1_142' title='bbox 410 2309 500 2346; x_wconf 90' lang='lat' dir='ltr'>sint.</span> <span class='ocrx_word' id='word_1_143' title='bbox 825 2308 898 2355; x_wconf 92' lang='grc' dir='ltr'>ΙΙΙ,</span> <span class='ocrx_word' id='word_1_144' title='bbox 925 2312 987 2345; x_wconf 85' lang='lat'>108</span> 
     </span>
    </p>
   </div>
   <div class='ocr_carea' id='block_1_14' title="bbox 505 2385 686 2412">
    <p class='ocr_par' dir='ltr' id='par_1_15' title="bbox 505 2385 686 2412">
     <span class='ocr_line' id='line_1_40' title="bbox 505 2385 686 2412; baseline 0.006 -2"><span class='ocrx_word' id='word_1_145' title='bbox 505 2385 686 2412; x_wconf 81' lang='lat' dir='ltr'>CHRISTUS.</span> 
     </span>
    </p>
   </div>
   <div class='ocr_carea' id='block_1_15' title="bbox 203 2431 988 2857">
    <p class='ocr_par' dir='ltr' id='par_1_16' title="bbox 203 2431 988 2857">
     <span class='ocr_line' id='line_1_41' title="bbox 205 2431 984 2480; baseline 0 -12"><span class='ocrx_word' id='word_1_146' title='bbox 205 2431 341 2468; x_wconf 77' lang='lat' dir='ltr'>Christi</span> <span class='ocrx_word' id='word_1_147' title='bbox 356 2432 432 2469; x_wconf 87' lang='lat' dir='ltr'>vita</span> <span class='ocrx_word' id='word_1_148' title='bbox 453 2433 619 2470; x_wconf 81' lang='lat' dir='ltr'>studiose</span> <span class='ocrx_word' id='word_1_149' title='bbox 639 2433 812 2480; x_wconf 85' lang='lat' dir='ltr'>legenda.</span> <span class='ocrx_word' id='word_1_150' title='bbox 913 2431 944 2476; x_wconf 94' lang='lat' dir='ltr'>I,</span> <span class='ocrx_word' id='word_1_151' title='bbox 972 2447 984 2468; x_wconf 94' lang='lat'>1</span> 
     </span>
     <span class='ocr_line' id='line_1_42' title="bbox 205 2479 988 2564; baseline 0 -48"><span class='ocrx_word' id='word_1_152' title='bbox 205 2479 350 2562; x_wconf 63' lang='lat' dir='ltr'>Christii</span> <span class='ocrx_word' id='word_1_153' title='bbox 361 2480 436 2516; x_wconf 90' lang='lat' dir='ltr'>vita</span> <span class='ocrx_word' id='word_1_154' title='bbox 466 2481 655 2527; x_wconf 82' lang='lat' dir='ltr'>quomodo</span> <span class='ocrx_word' id='word_1_155' title='bbox 681 2491 766 2517; x_wconf 88' lang='lat' dir='ltr'>cum</span> <span class='ocrx_word' id='word_1_156' title='bbox 789 2480 988 2564; x_wconf 74' lang='lat' dir='ltr'>fructuIle-</span> 
     </span>
     <span class='ocr_line' id='line_1_43' title="bbox 253 2536 987 2574; baseline 0.003 -13"><span class='ocrx_word' id='word_1_157' title='bbox 253 2536 324 2571; x_wconf 88' lang='lat' dir='ltr'>gen</span> <span class='ocrx_word' id='word_1_158' title='bbox 355 2537 390 2562; x_wconf 91' lang='lat' dir='ltr'>a.</span> <span class='ocrx_word' id='word_1_159' title='bbox 938 2555 947 2572; x_wconf 90' lang='lat'>‚</span> <span class='ocrx_word' id='word_1_160' title='bbox 968 2543 987 2574; x_wconf 89' lang='lat'><em>7</em></span> 
     </span>
     <span class='ocr_line' id='line_1_44' title="bbox 203 2572 987 2613; baseline 0.001 -3"><span class='ocrx_word' id='word_1_161' title='bbox 203 2572 328 2610; x_wconf 85' lang='lat' dir='ltr'>Multis</span> <span class='ocrx_word' id='word_1_162' title='bbox 348 2573 394 2609; x_wconf 92' lang='lat' dir='ltr'>de</span> <span class='ocrx_word' id='word_1_163' title='bbox 416 2576 537 2611; x_wconf 87' lang='lat' dir='ltr'>causis</span> <span class='ocrx_word' id='word_1_164' title='bbox 558 2575 597 2611; x_wconf 91' lang='lat' dir='ltr'>in</span> <span class='ocrx_word' id='word_1_165' title='bbox 616 2574 693 2613; x_wconf 89' lang='lat' dir='ltr'>vita</span> <span class='ocrx_word' id='word_1_166' title='bbox 714 2577 853 2613; x_wconf 80' lang='lat' dir='ltr'>Christi</span> <span class='ocrx_word' id='word_1_167' title='bbox 870 2575 987 2612; x_wconf 91' lang='lat' dir='ltr'>medi-</span> 
     </span>
     <span class='ocr_line' id='line_1_45' title="bbox 249 2621 982 2670; baseline 0.003 -14"><span class='ocrx_word' id='word_1_168' title='bbox 249 2622 364 2656; x_wconf 92' lang='lat' dir='ltr'>tanda</span> <span class='ocrx_word' id='word_1_169' title='bbox 385 2622 588 2668; x_wconf 81' lang='lat' dir='ltr'>peccatori,</span> <span class='ocrx_word' id='word_1_170' title='bbox 609 2625 675 2670; x_wconf 90' lang='lat' dir='ltr'>qui</span> <span class='ocrx_word' id='word_1_171' title='bbox 700 2623 782 2660; x_wconf 87' lang='lat' dir='ltr'>vult</span> <span class='ocrx_word' id='word_1_172' title='bbox 800 2621 982 2667; x_wconf 78' lang='lat' dir='ltr'>converti,</span> 
     </span>
     <span class='ocr_line' id='line_1_46' title="bbox 253 2669 984 2714; baseline 0.004 -10"><span class='ocrx_word' id='word_1_173' title='bbox 253 2672 310 2704; x_wconf 88' lang='lat' dir='ltr'>est</span> <span class='ocrx_word' id='word_1_174' title='bbox 329 2669 569 2705; x_wconf 87' lang='lat' dir='ltr'>versandum.</span> <span class='ocrx_word' id='word_1_175' title='bbox 909 2670 941 2714; x_wconf 88' lang='grc' dir='ltr'>Ι,</span> <span class='ocrx_word' id='word_1_176' title='bbox 971 2684 984 2706; x_wconf 91' lang='lat'>1</span> 
     </span>
     <span class='ocr_line' id='line_1_47' title="bbox 203 2715 986 2768; baseline 0 -16"><span class='ocrx_word' id='word_1_177' title='bbox 203 2715 339 2768; x_wconf 75' lang='lat' dir='ltr'>Christi</span> <span class='ocrx_word' id='word_1_178' title='bbox 363 2717 448 2752; x_wconf 83' lang='lat' dir='ltr'>vitae</span> <span class='ocrx_word' id='word_1_179' title='bbox 477 2716 742 2763; x_wconf 89' lang='lat' dir='ltr'>contemplatio</span> <span class='ocrx_word' id='word_1_180' title='bbox 764 2748 772 2763; x_wconf 92' lang='lat'><em>,</em></span> <span class='ocrx_word' id='word_1_181' title='bbox 799 2728 912 2764; x_wconf 87' lang='lat' dir='ltr'>quam</span> <span class='ocrx_word' id='word_1_182' title='bbox 937 2715 986 2752; x_wconf 87' lang='lat' dir='ltr'>sit</span> 
     </span>
     <span class='ocr_line' id='line_1_48' title="bbox 248 2762 985 2815; baseline 0.003 -17"><span class='ocrx_word' id='word_1_183' title='bbox 248 2762 367 2815; x_wconf 64' lang='lat' dir='ltr'>utilis,</span> <span class='ocrx_word' id='word_1_184' title='bbox 384 2765 421 2799; x_wconf 91' lang='lat' dir='ltr'>et</span> <span class='ocrx_word' id='word_1_185' title='bbox 442 2768 623 2810; x_wconf 86' lang='lat' dir='ltr'>quantum</span> <span class='ocrx_word' id='word_1_186' title='bbox 640 2765 813 2802; x_wconf 86' lang='lat' dir='ltr'>omnibus</span> <span class='ocrx_word' id='word_1_187' title='bbox 829 2763 985 2801; x_wconf 85' lang='lat' dir='ltr'>Christi-</span> 
     </span>
     <span class='ocr_line' id='line_1_49' title="bbox 247 2809 981 2857; baseline 0.004 -13"><span class='ocrx_word' id='word_1_188' title='bbox 247 2819 329 2846; x_wconf 81' lang='lat' dir='ltr'>anis</span> <span class='ocrx_word' id='word_1_189' title='bbox 346 2809 572 2848; x_wconf 87' lang='lat' dir='ltr'>necessaria.</span> <span class='ocrx_word' id='word_1_190' title='bbox 698 2811 728 2857; x_wconf 91' lang='lat' dir='ltr'>I,</span> <span class='ocrx_word' id='word_1_191' title='bbox 748 2825 765 2848; x_wconf 98' lang='grc'>2</span> <span class='ocrx_word' id='word_1_192' title='bbox 781 2815 816 2848; x_wconf 81' lang='lat' dir='ltr'>et</span> <span class='ocrx_word' id='word_1_193' title='bbox 834 2811 901 2856; x_wconf 88' lang='lat' dir='ltr'>IV,</span> <span class='ocrx_word' id='word_1_194' title='bbox 917 2815 981 2847; x_wconf 87' lang='lat'>511</span> 
     </span>
    </p>
   </div>
   <div class='ocr_carea' id='block_1_16' title="bbox 1058 260 1838 450">
    <p class='ocr_par' dir='ltr' id='par_1_17' title="bbox 1058 260 1838 450">
     <span class='ocr_line' id='line_1_50' title="bbox 1059 260 1838 310; baseline -0.001 -10"><span class='ocrx_word' id='word_1_195' title='bbox 1059 264 1193 301; x_wconf 85' lang='lat' dir='ltr'>Christi</span> <span class='ocrx_word' id='word_1_196' title='bbox 1216 262 1292 298; x_wconf 84' lang='lat' dir='ltr'>vita</span> <span class='ocrx_word' id='word_1_197' title='bbox 1316 263 1373 296; x_wconf 88' lang='lat' dir='ltr'>est</span> <span class='ocrx_word' id='word_1_198' title='bbox 1392 263 1471 298; x_wconf 85' lang='lat' dir='ltr'>tota</span> <span class='ocrx_word' id='word_1_199' title='bbox 1488 260 1690 310; x_wconf 87' lang='lat' dir='ltr'>disciplina</span> <span class='ocrx_word' id='word_1_200' title='bbox 1711 263 1749 299; x_wconf 86' lang='lat' dir='ltr'>et</span> <span class='ocrx_word' id='word_1_201' title='bbox 1769 261 1838 299; x_wconf 90' lang='lat' dir='ltr'>in-</span> 
     </span>
     <span class='ocr_line' id='line_1_51' title="bbox 1105 308 1838 355; baseline 0 -9"><span class='ocrx_word' id='word_1_202' title='bbox 1105 308 1276 347; x_wconf 82' lang='lat' dir='ltr'>structio.</span> <span class='ocrx_word' id='word_1_203' title='bbox 1762 309 1795 355; x_wconf 92' lang='lat'>1,</span> <span class='ocrx_word' id='word_1_204' title='bbox 1817 313 1838 346; x_wconf 87' lang='lat'>6</span> 
     </span>
     <span class='ocr_line' id='line_1_52' title="bbox 1058 354 1838 404; baseline 0 -11"><span class='ocrx_word' id='word_1_205' title='bbox 1058 358 1222 394; x_wconf 86' lang='lat' dir='ltr'>Christus</span> <span class='ocrx_word' id='word_1_206' title='bbox 1256 359 1312 392; x_wconf 88' lang='lat' dir='ltr'>est</span> <span class='ocrx_word' id='word_1_207' title='bbox 1342 356 1532 404; x_wconf 88' lang='lat' dir='ltr'>exemplar</span> <span class='ocrx_word' id='word_1_208' title='bbox 1558 354 1728 394; x_wconf 90' lang='lat' dir='ltr'>omnium</span> <span class='ocrx_word' id='word_1_209' title='bbox 1759 357 1838 394; x_wconf 90' lang='lat' dir='ltr'>vir-</span> 
     </span>
     <span class='ocr_line' id='line_1_53' title="bbox 1105 403 1836 450; baseline 0.003 -11"><span class='ocrx_word' id='word_1_210' title='bbox 1105 406 1240 440; x_wconf 92' lang='lat' dir='ltr'>tutum.</span> <span class='ocrx_word' id='word_1_211' title='bbox 1762 403 1795 450; x_wconf 93' lang='grc' dir='ltr'>Ι,</span> <span class='ocrx_word' id='word_1_212' title='bbox 1817 407 1836 440; x_wconf 89' lang='grc'>5</span> 
     </span>
    </p>
   </div>
   <div class='ocr_carea' id='block_1_17' title="bbox 1057 450 1839 734">
    <p class='ocr_par' dir='ltr' id='par_1_18' title="bbox 1057 450 1839 734">
     <span class='ocr_line' id='line_1_54' title="bbox 1057 450 1839 497; baseline 0.001 -11"><span class='ocrx_word' id='word_1_213' title='bbox 1057 450 1151 487; x_wconf 84' lang='lat' dir='ltr'>Vitae</span> <span class='ocrx_word' id='word_1_214' title='bbox 1171 452 1307 488; x_wconf 75' lang='lat' dir='ltr'>Christi</span> <span class='ocrx_word' id='word_1_215' title='bbox 1323 453 1480 489; x_wconf 86' lang='lat' dir='ltr'>fructus.</span> <span class='ocrx_word' id='word_1_216' title='bbox 1672 450 1704 497; x_wconf 91' lang='lat'>1,</span> <span class='ocrx_word' id='word_1_217' title='bbox 1727 464 1746 487; x_wconf 82' lang='lat'>2</span> <span class='ocrx_word' id='word_1_218' title='bbox 1765 455 1798 487; x_wconf 84' lang='lat' dir='ltr'>et</span> <span class='ocrx_word' id='word_1_219' title='bbox 1818 454 1839 487; x_wconf 88' lang='lat'>5</span> 
     </span>
     <span class='ocr_line' id='line_1_55' title="bbox 1057 498 1837 545; baseline 0.001 -12"><span class='ocrx_word' id='word_1_220' title='bbox 1057 498 1152 534; x_wconf 79' lang='lat' dir='ltr'>Vitae</span> <span class='ocrx_word' id='word_1_221' title='bbox 1172 499 1309 535; x_wconf 82' lang='lat' dir='ltr'>Christi</span> <span class='ocrx_word' id='word_1_222' title='bbox 1331 498 1611 545; x_wconf 90' lang='lat' dir='ltr'>compendium.</span> <span class='ocrx_word' id='word_1_223' title='bbox 1767 498 1800 543; x_wconf 87' lang='lat'>1,</span> <span class='ocrx_word' id='word_1_224' title='bbox 1817 501 1837 534; x_wconf 89' lang='grc'>5</span> 
     </span>
     <span class='ocr_line' id='line_1_56' title="bbox 1058 544 1839 592; baseline 0 -11"><span class='ocrx_word' id='word_1_225' title='bbox 1058 544 1155 581; x_wconf 87' lang='lat' dir='ltr'>Vitae</span> <span class='ocrx_word' id='word_1_226' title='bbox 1177 547 1313 582; x_wconf 79' lang='lat' dir='ltr'>Christi</span> <span class='ocrx_word' id='word_1_227' title='bbox 1334 547 1492 583; x_wconf 81' lang='lat' dir='ltr'>fructus.</span> <span class='ocrx_word' id='word_1_228' title='bbox 1667 544 1699 592; x_wconf 91' lang='grc' dir='ltr'>Ι,</span> <span class='ocrx_word' id='word_1_229' title='bbox 1722 558 1740 582; x_wconf 86' lang='grc'>2</span> <span class='ocrx_word' id='word_1_230' title='bbox 1766 548 1798 581; x_wconf 81' lang='lat' dir='ltr'>et</span> <span class='ocrx_word' id='word_1_231' title='bbox 1819 548 1839 581; x_wconf 89' lang='lat'>5</span> 
     </span>
     <span class='ocr_line' id='line_1_57' title="bbox 1060 591 1836 640; baseline -0.001 -11"><span class='ocrx_word' id='word_1_232' title='bbox 1060 593 1223 629; x_wconf 84' lang='lat' dir='ltr'>Christus</span> <span class='ocrx_word' id='word_1_233' title='bbox 1247 598 1301 629; x_wconf 81' lang='lat' dir='ltr'>est</span> <span class='ocrx_word' id='word_1_234' title='bbox 1318 593 1427 630; x_wconf 88' lang='lat' dir='ltr'>nobis</span> <span class='ocrx_word' id='word_1_235' title='bbox 1448 592 1656 640; x_wconf 85' lang='lat' dir='ltr'>speculum.</span> <span class='ocrx_word' id='word_1_236' title='bbox 1763 591 1795 637; x_wconf 97' lang='grc' dir='ltr'>Ι,</span> <span class='ocrx_word' id='word_1_237' title='bbox 1816 595 1836 628; x_wconf 89' lang='lat'>6</span> 
     </span>
     <span class='ocr_line' id='line_1_58' title="bbox 1059 638 1839 684; baseline -0.001 -8"><span class='ocrx_word' id='word_1_238' title='bbox 1059 641 1222 676; x_wconf 77' lang='lat' dir='ltr'>Christus</span> <span class='ocrx_word' id='word_1_239' title='bbox 1242 643 1298 676; x_wconf 86' lang='lat' dir='ltr'>est</span> <span class='ocrx_word' id='word_1_240' title='bbox 1316 641 1424 677; x_wconf 89' lang='lat' dir='ltr'>nobis</span> <span class='ocrx_word' id='word_1_241' title='bbox 1453 641 1591 676; x_wconf 89' lang='lat' dir='ltr'>omnia.</span> <span class='ocrx_word' id='word_1_242' title='bbox 1761 638 1794 684; x_wconf 93' lang='lat' dir='ltr'>I,</span> <span class='ocrx_word' id='word_1_243' title='bbox 1819 642 1839 675; x_wconf 90' lang='lat'>6</span> 
     </span>
     <span class='ocr_line' id='line_1_59' title="bbox 1060 685 1839 734; baseline 0 -11"><span class='ocrx_word' id='word_1_244' title='bbox 1060 688 1196 723; x_wconf 75' lang='lat' dir='ltr'>Christi</span> <span class='ocrx_word' id='word_1_245' title='bbox 1216 687 1421 732; x_wconf 86' lang='lat' dir='ltr'>corporalis</span> <span class='ocrx_word' id='word_1_246' title='bbox 1435 685 1651 734; x_wconf 87' lang='lat' dir='ltr'>descriptio.</span> <span class='ocrx_word' id='word_1_247' title='bbox 1762 685 1795 731; x_wconf 86' lang='grc' dir='ltr'>Ι,</span> <span class='ocrx_word' id='word_1_248' title='bbox 1818 701 1839 734; x_wconf 90' lang='lat'>9</span> 
     </span>
    </p>
   </div>
   <div class='ocr_carea' id='block_1_18' title="bbox 1060 732 1847 2856">
    <p class='ocr_par' dir='ltr' id='par_1_19' title="bbox 1060 732 1847 2856">
     <span class='ocr_line' id='line_1_60' title="bbox 1062 732 1836 779; baseline -0.001 -9"><span class='ocrx_word' id='word_1_249' title='bbox 1062 734 1200 770; x_wconf 84' lang='lat' dir='ltr'>Christi</span> <span class='ocrx_word' id='word_1_250' title='bbox 1219 733 1406 771; x_wconf 86' lang='lat' dir='ltr'>divinitas.</span> <span class='ocrx_word' id='word_1_251' title='bbox 1745 732 1777 779; x_wconf 93' lang='grc' dir='ltr'>Ι,</span> <span class='ocrx_word' id='word_1_252' title='bbox 1799 747 1836 770; x_wconf 86' lang='grc' dir='ltr'>ιι</span> 
     </span>
     <span class='ocr_line' id='line_1_61' title="bbox 1062 780 1841 827; baseline -0.001 -9"><span class='ocrx_word' id='word_1_253' title='bbox 1062 782 1228 818; x_wconf 82' lang='lat' dir='ltr'>Christus</span> <span class='ocrx_word' id='word_1_254' title='bbox 1255 792 1370 827; x_wconf 89' lang='lat' dir='ltr'>quare</span> <span class='ocrx_word' id='word_1_255' title='bbox 1393 785 1547 818; x_wconf 87' lang='lat' dir='ltr'>vocetur</span> <span class='ocrx_word' id='word_1_256' title='bbox 1578 780 1748 818; x_wconf 90' lang='lat' dir='ltr'>Verbum</span> <span class='ocrx_word' id='word_1_257' title='bbox 1771 790 1841 827; x_wconf 89' lang='lat' dir='ltr'>po-</span> 
     </span>
     <span class='ocr_line' id='line_1_62' title="bbox 1105 827 1842 874; baseline 0 -11"><span class='ocrx_word' id='word_1_258' title='bbox 1105 827 1179 864; x_wconf 89' lang='lat' dir='ltr'>tius</span> <span class='ocrx_word' id='word_1_259' title='bbox 1203 839 1315 874; x_wconf 85' lang='lat' dir='ltr'>quam</span> <span class='ocrx_word' id='word_1_260' title='bbox 1335 828 1466 865; x_wconf 89' lang='lat' dir='ltr'>Filius.</span> <span class='ocrx_word' id='word_1_261' title='bbox 1744 827 1776 873; x_wconf 94' lang='grc' dir='ltr'>Ι,</span> <span class='ocrx_word' id='word_1_262' title='bbox 1801 840 1842 864; x_wconf 89' lang='lat'>12</span> 
     </span>
     <span class='ocr_line' id='line_1_63' title="bbox 1062 875 1844 921; baseline -0.003 -9"><span class='ocrx_word' id='word_1_263' title='bbox 1062 875 1200 912; x_wconf 83' lang='lat' dir='ltr'>Christi</span> <span class='ocrx_word' id='word_1_264' title='bbox 1219 876 1412 921; x_wconf 85' lang='lat' dir='ltr'>generatio</span> <span class='ocrx_word' id='word_1_265' title='bbox 1432 878 1573 912; x_wconf 82' lang='lat' dir='ltr'>aeterna</span> <span class='ocrx_word' id='word_1_266' title='bbox 1590 885 1613 911; x_wconf 90' lang='lat' dir='ltr'>a</span> <span class='ocrx_word' id='word_1_267' title='bbox 1633 875 1744 910; x_wconf 84' lang='lat' dir='ltr'>Patre</span> <span class='ocrx_word' id='word_1_268' title='bbox 1765 885 1844 910; x_wconf 91' lang='lat' dir='ltr'>non</span> 
     </span>
     <span class='ocr_line' id='line_1_64' title="bbox 1108 921 1845 969; baseline -0.001 -11"><span class='ocrx_word' id='word_1_269' title='bbox 1108 923 1311 959; x_wconf 85' lang='lat' dir='ltr'>carnaliter</span> <span class='ocrx_word' id='word_1_270' title='bbox 1328 922 1547 969; x_wconf 87' lang='lat' dir='ltr'>accipienda</span> <span class='ocrx_word' id='word_1_271' title='bbox 1564 933 1573 966; x_wconf 87' lang='grc'>;</span> <span class='ocrx_word' id='word_1_272' title='bbox 1595 921 1845 958; x_wconf 85' lang='lat' dir='ltr'>similitudine</span> 
     </span>
     <span class='ocr_line' id='line_1_65' title="bbox 1108 967 1840 1014; baseline -0.001 -9"><span class='ocrx_word' id='word_1_273' title='bbox 1108 969 1196 1006; x_wconf 89' lang='lat' dir='ltr'>solis</span> <span class='ocrx_word' id='word_1_274' title='bbox 1217 981 1301 1006; x_wconf 93' lang='lat' dir='ltr'>cum</span> <span class='ocrx_word' id='word_1_275' title='bbox 1321 971 1427 1006; x_wconf 84' lang='lat' dir='ltr'>radio</span> <span class='ocrx_word' id='word_1_276' title='bbox 1448 970 1675 1006; x_wconf 86' lang='lat' dir='ltr'>declaratur.</span> <span class='ocrx_word' id='word_1_277' title='bbox 1739 967 1771 1014; x_wconf 90' lang='lat' dir='ltr'>I,</span> <span class='ocrx_word' id='word_1_278' title='bbox 1800 971 1840 1004; x_wconf 89' lang='lat'>15</span> 
     </span>
     <span class='ocr_line' id='line_1_66' title="bbox 1064 1014 1844 1063; baseline -0.001 -11"><span class='ocrx_word' id='word_1_279' title='bbox 1064 1018 1231 1054; x_wconf 84' lang='lat' dir='ltr'>Christus</span> <span class='ocrx_word' id='word_1_280' title='bbox 1253 1028 1367 1063; x_wconf 91' lang='lat' dir='ltr'>quare</span> <span class='ocrx_word' id='word_1_281' title='bbox 1388 1021 1466 1053; x_wconf 86' lang='lat' dir='ltr'>tam</span> <span class='ocrx_word' id='word_1_282' title='bbox 1487 1016 1550 1053; x_wconf 93' lang='lat' dir='ltr'>diu</span> <span class='ocrx_word' id='word_1_283' title='bbox 1571 1014 1760 1053; x_wconf 87' lang='lat' dir='ltr'>distulerit</span> <span class='ocrx_word' id='word_1_284' title='bbox 1778 1016 1844 1052; x_wconf 85' lang='lat' dir='ltr'>ad-</span> 
     </span>
     <span class='ocr_line' id='line_1_67' title="bbox 1105 1062 1841 1109; baseline 0.003 -11"><span class='ocrx_word' id='word_1_285' title='bbox 1105 1069 1262 1100; x_wconf 90' lang='lat' dir='ltr'>·ventum</span> <span class='ocrx_word' id='word_1_286' title='bbox 1284 1075 1406 1100; x_wconf 90' lang='lat' dir='ltr'>suum.</span> <span class='ocrx_word' id='word_1_287' title='bbox 1745 1062 1777 1108; x_wconf 88' lang='grc' dir='ltr'>Ι,</span> <span class='ocrx_word' id='word_1_288' title='bbox 1802 1077 1841 1109; x_wconf 90' lang='lat'>17</span> 
     </span>
     <span class='ocr_line' id='line_1_68' title="bbox 1065 1109 1843 1158; baseline -0.004 -10"><span class='ocrx_word' id='word_1_289' title='bbox 1065 1112 1203 1148; x_wconf 83' lang='lat' dir='ltr'>Christi</span> <span class='ocrx_word' id='word_1_290' title='bbox 1223 1112 1431 1158; x_wconf 84' lang='lat' dir='ltr'>conceptio.</span> <span class='ocrx_word' id='word_1_291' title='bbox 1447 1109 1479 1156; x_wconf 89' lang='grc' dir='ltr'>Ι,</span> <span class='ocrx_word' id='word_1_292' title='bbox 1495 1113 1538 1158; x_wconf 87' lang='lat'>57</span> <span class='ocrx_word' id='word_1_293' title='bbox 1558 1113 1591 1146; x_wconf 81' lang='lat' dir='ltr'>et</span> <span class='ocrx_word' id='word_1_294' title='bbox 1605 1119 1724 1157; x_wconf 87' lang='lat' dir='ltr'>seqq.;</span> <span class='ocrx_word' id='word_1_295' title='bbox 1749 1113 1782 1146; x_wconf 84' lang='lat' dir='ltr'>et</span> <span class='ocrx_word' id='word_1_296' title='bbox 1798 1113 1843 1153; x_wconf 91' lang='lat'>45</span> 
     </span>
     <span class='ocr_line' id='line_1_69' title="bbox 1063 1156 1840 1205; baseline -0.001 -11"><span class='ocrx_word' id='word_1_297' title='bbox 1063 1159 1180 1204; x_wconf 76' lang='lat' dir='ltr'>HuJus</span> <span class='ocrx_word' id='word_1_298' title='bbox 1201 1157 1457 1205; x_wconf 84' lang='lat' dir='ltr'>conceptionis</span> <span class='ocrx_word' id='word_1_299' title='bbox 1476 1158 1625 1204; x_wconf 88' lang='lat' dir='ltr'>figurae.</span> <span class='ocrx_word' id='word_1_300' title='bbox 1741 1156 1773 1201; x_wconf 93' lang='grc' dir='ltr'>Ι,</span> <span class='ocrx_word' id='word_1_301' title='bbox 1795 1160 1840 1201; x_wconf 88' lang='grc'>46</span> 
     </span>
     <span class='ocr_line' id='line_1_70' title="bbox 1065 1203 1845 1252; baseline -0.003 -10"><span class='ocrx_word' id='word_1_302' title='bbox 1065 1206 1227 1242; x_wconf 84' lang='lat' dir='ltr'>Christus</span> <span class='ocrx_word' id='word_1_303' title='bbox 1241 1216 1357 1252; x_wconf 87' lang='lat' dir='ltr'>quare</span> <span class='ocrx_word' id='word_1_304' title='bbox 1368 1204 1513 1251; x_wconf 88' lang='lat' dir='ltr'>concipi</span> <span class='ocrx_word' id='word_1_305' title='bbox 1529 1203 1687 1240; x_wconf 87' lang='lat' dir='ltr'>voluerit</span> <span class='ocrx_word' id='word_1_306' title='bbox 1701 1204 1747 1240; x_wconf 90' lang='lat' dir='ltr'>de</span> <span class='ocrx_word' id='word_1_307' title='bbox 1765 1204 1845 1240; x_wconf 92' lang='lat' dir='ltr'>Vir-</span> 
     </span>
     <span class='ocr_line' id='line_1_71' title="bbox 1109 1250 1843 1299; baseline -0.001 -11"><span class='ocrx_word' id='word_1_308' title='bbox 1109 1252 1195 1298; x_wconf 85' lang='lat' dir='ltr'>gine</span> <span class='ocrx_word' id='word_1_309' title='bbox 1215 1252 1376 1299; x_wconf 84' lang='lat' dir='ltr'>lignario</span> <span class='ocrx_word' id='word_1_310' title='bbox 1394 1250 1677 1299; x_wconf 88' lang='lat' dir='ltr'>desponsata.I‚</span> <span class='ocrx_word' id='word_1_311' title='bbox 1698 1254 1740 1287; x_wconf 89' lang='lat'>26</span> <span class='ocrx_word' id='word_1_312' title='bbox 1752 1254 1785 1287; x_wconf 87' lang='lat' dir='ltr'>et</span> <span class='ocrx_word' id='word_1_313' title='bbox 1799 1254 1843 1288; x_wconf 89' lang='lat'>52</span> 
     </span>
     <span class='ocr_line' id='line_1_72' title="bbox 1066 1298 1844 1346; baseline -0.003 -10"><span class='ocrx_word' id='word_1_314' title='bbox 1066 1300 1207 1336; x_wconf 85' lang='lat' dir='ltr'>Christi</span> <span class='ocrx_word' id='word_1_315' title='bbox 1247 1310 1381 1346; x_wconf 88' lang='lat' dir='ltr'>corpus</span> <span class='ocrx_word' id='word_1_316' title='bbox 1419 1299 1607 1345; x_wconf 85' lang='lat' dir='ltr'>quomodo</span> <span class='ocrx_word' id='word_1_317' title='bbox 1657 1298 1696 1335; x_wconf 90' lang='lat' dir='ltr'>in</span> <span class='ocrx_word' id='word_1_318' title='bbox 1737 1301 1844 1335; x_wconf 89' lang='lat' dir='ltr'>utero</span> 
     </span>
     <span class='ocr_line' id='line_1_73' title="bbox 1113 1345 1844 1391; baseline 0 -9"><span class='ocrx_word' id='word_1_319' title='bbox 1113 1347 1239 1383; x_wconf 85' lang='lat' dir='ltr'>Mariae</span> <span class='ocrx_word' id='word_1_320' title='bbox 1260 1347 1477 1382; x_wconf 81' lang='lat' dir='ltr'>formatum.</span> <span class='ocrx_word' id='word_1_321' title='bbox 1748 1345 1780 1391; x_wconf 92' lang='grc' dir='ltr'>Ι,</span> <span class='ocrx_word' id='word_1_322' title='bbox 1799 1348 1844 1389; x_wconf 89' lang='grc'>45</span> 
     </span>
     <span class='ocr_line' id='line_1_74' title="bbox 1067 1392 1844 1440; baseline -0.001 -10"><span class='ocrx_word' id='word_1_323' title='bbox 1067 1395 1252 1431; x_wconf 82' lang='lat' dir='ltr'>Christum</span> <span class='ocrx_word' id='word_1_324' title='bbox 1279 1393 1524 1440; x_wconf 83' lang='lat' dir='ltr'>spiritualiter</span> <span class='ocrx_word' id='word_1_325' title='bbox 1553 1392 1725 1429; x_wconf 86' lang='lat' dir='ltr'>volentes</span> <span class='ocrx_word' id='word_1_326' title='bbox 1755 1403 1844 1429; x_wconf 91' lang='lat' dir='ltr'>con-</span> 
     </span>
     <span class='ocr_line' id='line_1_75' title="bbox 1112 1439 1841 1525; baseline -0.003 -48"><span class='ocrx_word' id='word_1_327' title='bbox 1112 1440 1236 1487; x_wconf 87' lang='lat' dir='ltr'>cipere</span> <span class='ocrx_word' id='word_1_328' title='bbox 1267 1451 1330 1477; x_wconf 85' lang='lat' dir='ltr'>sex</span> <span class='ocrx_word' id='word_1_329' title='bbox 1356 1439 1593 1477; x_wconf 88' lang='lat' dir='ltr'>conditiones</span> <span class='ocrx_word' id='word_1_330' title='bbox 1617 1439 1763 1525; x_wconf 88' lang='lat' dir='ltr'>debentI</span> <span class='ocrx_word' id='word_1_331' title='bbox 1777 1440 1841 1475; x_wconf 90' lang='lat' dir='ltr'>ha-</span> 
     </span>
     <span class='ocr_line' id='line_1_76' title="bbox 1112 1489 1843 1533; baseline -0.001 -9"><span class='ocrx_word' id='word_1_332' title='bbox 1112 1489 1218 1525; x_wconf 86' lang='lat' dir='ltr'>here.</span> <span class='ocrx_word' id='word_1_333' title='bbox 1767 1515 1777 1533; x_wconf 92' lang='lat'>‚</span> <span class='ocrx_word' id='word_1_334' title='bbox 1798 1489 1843 1531; x_wconf 84' lang='lat'>45</span> 
     </span>
     <span class='ocr_line' id='line_1_77' title="bbox 1067 1534 1842 1619; baseline -0.004 -46"><span class='ocrx_word' id='word_1_335' title='bbox 1067 1536 1206 1573; x_wconf 85' lang='lat' dir='ltr'>Christi</span> <span class='ocrx_word' id='word_1_336' title='bbox 1245 1535 1467 1581; x_wconf 87' lang='lat' dir='ltr'>genealogia</span> <span class='ocrx_word' id='word_1_337' title='bbox 1508 1534 1717 1572; x_wconf 88' lang='lat' dir='ltr'>secundum</span> <span class='ocrx_word' id='word_1_338' title='bbox 1740 1545 1842 1619; x_wconf 89' lang='lat' dir='ltr'>Icar-</span> 
     </span>
     <span class='ocr_line' id='line_1_78' title="bbox 1110 1584 1844 1626; baseline -0.001 -8"><span class='ocrx_word' id='word_1_339' title='bbox 1110 1593 1213 1619; x_wconf 88' lang='lat' dir='ltr'>nem.</span> <span class='ocrx_word' id='word_1_340' title='bbox 1763 1609 1772 1626; x_wconf 90' lang='lat'>‚</span> <span class='ocrx_word' id='word_1_341' title='bbox 1800 1584 1844 1618; x_wconf 89' lang='lat'>56</span> 
     </span>
     <span class='ocr_line' id='line_1_79' title="bbox 1063 1629 1844 1676; baseline -0.003 -10"><span class='ocrx_word' id='word_1_342' title='bbox 1063 1632 1152 1666; x_wconf 88' lang='lat' dir='ltr'>Tres</span> <span class='ocrx_word' id='word_1_343' title='bbox 1179 1629 1420 1676; x_wconf 86' lang='lat' dir='ltr'>quaterdenae</span> <span class='ocrx_word' id='word_1_344' title='bbox 1447 1629 1710 1676; x_wconf 86' lang='lat' dir='ltr'>generationes</span> <span class='ocrx_word' id='word_1_345' title='bbox 1738 1630 1844 1667; x_wconf 91' lang='lat' dir='ltr'>Chri-</span> 
     </span>
     <span class='ocr_line' id='line_1_80' title="bbox 1110 1676 1844 1725; baseline -0.001 -12"><span class='ocrx_word' id='word_1_346' title='bbox 1110 1679 1160 1713; x_wconf 89' lang='lat' dir='ltr'>sti</span> <span class='ocrx_word' id='word_1_347' title='bbox 1180 1677 1269 1723; x_wconf 84' lang='lat' dir='ltr'>quid</span> <span class='ocrx_word' id='word_1_348' title='bbox 1290 1676 1516 1723; x_wconf 85' lang='lat' dir='ltr'>significent.</span> <span class='ocrx_word' id='word_1_349' title='bbox 1599 1677 1630 1719; x_wconf 91' lang='lat' dir='ltr'>I,</span> <span class='ocrx_word' id='word_1_350' title='bbox 1654 1681 1696 1725; x_wconf 92' lang='lat'>57</span> <span class='ocrx_word' id='word_1_351' title='bbox 1713 1681 1746 1714; x_wconf 85' lang='lat' dir='ltr'>et</span> <span class='ocrx_word' id='word_1_352' title='bbox 1765 1687 1844 1722; x_wconf 89' lang='lat' dir='ltr'>seq.</span> 
     </span>
     <span class='ocr_line' id='line_1_81' title="bbox 1063 1723 1847 1771; baseline -0.003 -10"><span class='ocrx_word' id='word_1_353' title='bbox 1063 1727 1115 1761; x_wconf 91' lang='lat' dir='ltr'>De</span> <span class='ocrx_word' id='word_1_354' title='bbox 1140 1724 1393 1770; x_wconf 90' lang='lat' dir='ltr'>descriptione</span> <span class='ocrx_word' id='word_1_355' title='bbox 1410 1725 1507 1761; x_wconf 84' lang='lat' dir='ltr'>sacta</span> <span class='ocrx_word' id='word_1_356' title='bbox 1524 1728 1695 1771; x_wconf 90' lang='lat' dir='ltr'>tempore</span> <span class='ocrx_word' id='word_1_357' title='bbox 1713 1723 1847 1761; x_wconf 90' lang='lat' dir='ltr'>nativi-</span> 
     </span>
     <span class='ocr_line' id='line_1_82' title="bbox 1110 1771 1844 1819; baseline 0.001 -12"><span class='ocrx_word' id='word_1_358' title='bbox 1110 1771 1197 1807; x_wconf 85' lang='lat' dir='ltr'>tatis</span> <span class='ocrx_word' id='word_1_359' title='bbox 1221 1772 1372 1808; x_wconf 86' lang='lat' dir='ltr'>Christi.</span> <span class='ocrx_word' id='word_1_360' title='bbox 1629 1772 1661 1814; x_wconf 90' lang='lat' dir='ltr'>I,</span> <span class='ocrx_word' id='word_1_361' title='bbox 1683 1775 1728 1808; x_wconf 90' lang='lat'>66</span> <span class='ocrx_word' id='word_1_362' title='bbox 1751 1775 1784 1808; x_wconf 84' lang='lat' dir='ltr'>et</span> <span class='ocrx_word' id='word_1_363' title='bbox 1800 1775 1844 1819; x_wconf 92' lang='lat'>67</span> 
     </span>
     <span class='ocr_line' id='line_1_83' title="bbox 1066 1818 1846 1856; baseline -0.003 0"><span class='ocrx_word' id='word_1_364' title='bbox 1066 1820 1205 1856; x_wconf 88' lang='lat' dir='ltr'>Christi</span> <span class='ocrx_word' id='word_1_365' title='bbox 1222 1818 1395 1856; x_wconf 80' lang='lat' dir='ltr'>nativitas</span> <span class='ocrx_word' id='word_1_366' title='bbox 1413 1818 1617 1856; x_wconf 87' lang='lat' dir='ltr'>secundum</span> <span class='ocrx_word' id='word_1_367' title='bbox 1639 1829 1790 1855; x_wconf 86' lang='lat' dir='ltr'>carnem</span> <span class='ocrx_word' id='word_1_368' title='bbox 1805 1818 1846 1855; x_wconf 90' lang='lat' dir='ltr'>in</span> 
     </span>
     <span class='ocr_line' id='line_1_84' title="bbox 1110 1866 1842 1912; baseline 0.001 -11"><span class='ocrx_word' id='word_1_369' title='bbox 1110 1866 1308 1912; x_wconf 84' lang='lat' dir='ltr'>praesepio.</span> <span class='ocrx_word' id='word_1_370' title='bbox 1565 1866 1597 1911; x_wconf 93' lang='lat' dir='ltr'>I,</span> <span class='ocrx_word' id='word_1_371' title='bbox 1617 1870 1660 1902; x_wconf 92' lang='lat'>66</span> <span class='ocrx_word' id='word_1_372' title='bbox 1682 1870 1717 1902; x_wconf 87' lang='lat' dir='ltr'>et</span> <span class='ocrx_word' id='word_1_373' title='bbox 1736 1876 1842 1912; x_wconf 88' lang='lat' dir='ltr'>seqq.</span> 
     </span>
     <span class='ocr_line' id='line_1_85' title="bbox 1063 1912 1845 1960; baseline 0.001 -12"><span class='ocrx_word' id='word_1_374' title='bbox 1063 1913 1184 1957; x_wconf 87' lang='lat' dir='ltr'>Quare</span> <span class='ocrx_word' id='word_1_375' title='bbox 1209 1914 1375 1950; x_wconf 84' lang='lat' dir='ltr'>Christus</span> <span class='ocrx_word' id='word_1_376' title='bbox 1395 1912 1499 1949; x_wconf 89' lang='lat' dir='ltr'>nasci</span> <span class='ocrx_word' id='word_1_377' title='bbox 1519 1913 1680 1950; x_wconf 87' lang='lat' dir='ltr'>voluerit</span> <span class='ocrx_word' id='word_1_378' title='bbox 1703 1917 1845 1960; x_wconf 89' lang='lat' dir='ltr'>tempo-</span> 
     </span>
     <span class='ocr_line' id='line_1_86' title="bbox 1109 1961 1842 2007; baseline 0 -11"><span class='ocrx_word' id='word_1_379' title='bbox 1109 1971 1151 1996; x_wconf 88' lang='lat' dir='ltr'>re</span> <span class='ocrx_word' id='word_1_380' title='bbox 1172 1961 1291 2007; x_wconf 88' lang='lat' dir='ltr'>pacis.</span> <span class='ocrx_word' id='word_1_381' title='bbox 1747 1961 1781 2006; x_wconf 93' lang='grc' dir='ltr'>Ι,</span> <span class='ocrx_word' id='word_1_382' title='bbox 1799 1963 1842 2007; x_wconf 93' lang='lat'>67</span> 
     </span>
     <span class='ocr_line' id='line_1_87' title="bbox 1065 2006 1845 2055; baseline 0.003 -12"><span class='ocrx_word' id='word_1_383' title='bbox 1065 2010 1184 2051; x_wconf 83' lang='lat' dir='ltr'>Quare</span> <span class='ocrx_word' id='word_1_384' title='bbox 1208 2008 1379 2044; x_wconf 84' lang='lat' dir='ltr'>Christus</span> <span class='ocrx_word' id='word_1_385' title='bbox 1400 2006 1561 2044; x_wconf 88' lang='lat' dir='ltr'>voluerit</span> <span class='ocrx_word' id='word_1_386' title='bbox 1580 2008 1687 2045; x_wconf 89' lang='lat' dir='ltr'>nasci</span> <span class='ocrx_word' id='word_1_387' title='bbox 1704 2011 1845 2055; x_wconf 90' lang='lat' dir='ltr'>tempo-</span> 
     </span>
     <span class='ocr_line' id='line_1_88' title="bbox 1109 2055 1844 2102; baseline 0.001 -12"><span class='ocrx_word' id='word_1_388' title='bbox 1109 2066 1149 2090; x_wconf 87' lang='lat' dir='ltr'>re</span> <span class='ocrx_word' id='word_1_389' title='bbox 1170 2056 1306 2091; x_wconf 88' lang='lat' dir='ltr'>noctis.</span> <span class='ocrx_word' id='word_1_390' title='bbox 1743 2055 1775 2100; x_wconf 96' lang='lat' dir='ltr'>I,</span> <span class='ocrx_word' id='word_1_391' title='bbox 1799 2057 1844 2102; x_wconf 91' lang='lat'>69</span> 
     </span>
     <span class='ocr_line' id='line_1_89' title="bbox 1061 2100 1845 2148; baseline 0.001 -10"><span class='ocrx_word' id='word_1_392' title='bbox 1061 2100 1107 2138; x_wconf 91' lang='lat' dir='ltr'>In</span> <span class='ocrx_word' id='word_1_393' title='bbox 1127 2112 1274 2139; x_wconf 86' lang='lat' dir='ltr'>summa</span> <span class='ocrx_word' id='word_1_394' title='bbox 1292 2104 1516 2148; x_wconf 89' lang='lat' dir='ltr'>paupertate</span> <span class='ocrx_word' id='word_1_395' title='bbox 1539 2103 1706 2140; x_wconf 86' lang='lat' dir='ltr'>Christus</span> <span class='ocrx_word' id='word_1_396' title='bbox 1726 2102 1845 2139; x_wconf 89' lang='lat' dir='ltr'>nasci-</span> 
     </span>
     <span class='ocr_line' id='line_1_90' title="bbox 1109 2149 1845 2197; baseline 0.001 -12"><span class='ocrx_word' id='word_1_397' title='bbox 1109 2152 1182 2194; x_wconf 87' lang='lat' dir='ltr'>tur,</span> <span class='ocrx_word' id='word_1_398' title='bbox 1205 2154 1241 2185; x_wconf 89' lang='lat' dir='ltr'>et</span> <span class='ocrx_word' id='word_1_399' title='bbox 1260 2149 1378 2186; x_wconf 86' lang='lat' dir='ltr'>multa</span> <span class='ocrx_word' id='word_1_400' title='bbox 1402 2160 1471 2186; x_wconf 90' lang='lat' dir='ltr'>nos</span> <span class='ocrx_word' id='word_1_401' title='bbox 1491 2150 1601 2187; x_wconf 86' lang='lat' dir='ltr'>docet</span> <span class='ocrx_word' id='word_1_402' title='bbox 1628 2152 1681 2186; x_wconf 87' lang='lat' dir='ltr'>sic</span> <span class='ocrx_word' id='word_1_403' title='bbox 1701 2160 1845 2197; x_wconf 87' lang='lat' dir='ltr'>pauper</span> 
     </span>
     <span class='ocr_line' id='line_1_91' title="bbox 1108 2197 1843 2245; baseline 0.003 -13"><span class='ocrx_word' id='word_1_404' title='bbox 1108 2197 1312 2233; x_wconf 87' lang='lat' dir='ltr'>nascendo.</span> <span class='ocrx_word' id='word_1_405' title='bbox 1592 2197 1624 2244; x_wconf 91' lang='grc' dir='ltr'>Ι,</span> <span class='ocrx_word' id='word_1_406' title='bbox 1647 2201 1691 2245; x_wconf 89' lang='lat'>69</span> <span class='ocrx_word' id='word_1_407' title='bbox 1709 2201 1743 2234; x_wconf 86' lang='lat' dir='ltr'>et</span> <span class='ocrx_word' id='word_1_408' title='bbox 1763 2207 1843 2243; x_wconf 85' lang='lat' dir='ltr'>seq.</span> 
     </span>
     <span class='ocr_line' id='line_1_92' title="bbox 1060 2243 1843 2291; baseline 0.001 -11"><span class='ocrx_word' id='word_1_409' title='bbox 1060 2244 1088 2280; x_wconf 92' lang='lat' dir='ltr'>A</span> <span class='ocrx_word' id='word_1_410' title='bbox 1108 2243 1245 2290; x_wconf 87' lang='lat' dir='ltr'>quibus</span> <span class='ocrx_word' id='word_1_411' title='bbox 1266 2243 1479 2280; x_wconf 85' lang='lat' dir='ltr'>inveniatur</span> <span class='ocrx_word' id='word_1_412' title='bbox 1497 2245 1678 2282; x_wconf 84' lang='lat' dir='ltr'>Christus.</span> <span class='ocrx_word' id='word_1_413' title='bbox 1743 2244 1774 2289; x_wconf 92' lang='lat' dir='ltr'>I,</span> <span class='ocrx_word' id='word_1_414' title='bbox 1797 2247 1843 2291; x_wconf 85' lang='lat'>75</span> 
     </span>
     <span class='ocr_line' id='line_1_93' title="bbox 1063 2291 1844 2329; baseline 0.001 -3"><span class='ocrx_word' id='word_1_415' title='bbox 1063 2292 1115 2327; x_wconf 89' lang='lat' dir='ltr'>De</span> <span class='ocrx_word' id='word_1_416' title='bbox 1144 2292 1283 2328; x_wconf 86' lang='lat' dir='ltr'>Christi</span> <span class='ocrx_word' id='word_1_417' title='bbox 1306 2291 1502 2327; x_wconf 89' lang='lat' dir='ltr'>nativitate</span> <span class='ocrx_word' id='word_1_418' title='bbox 1534 2292 1737 2329; x_wconf 88' lang='lat' dir='ltr'>secundum</span> <span class='ocrx_word' id='word_1_419' title='bbox 1762 2302 1844 2328; x_wconf 88' lang='lat' dir='ltr'>car-</span> 
     </span>
     <span class='ocr_line' id='line_1_94' title="bbox 1109 2338 1842 2386; baseline 0.003 -12"><span class='ocrx_word' id='word_1_420' title='bbox 1109 2349 1195 2374; x_wconf 90' lang='lat' dir='ltr'>nem</span> <span class='ocrx_word' id='word_1_421' title='bbox 1211 2339 1347 2375; x_wconf 88' lang='lat' dir='ltr'>devota</span> <span class='ocrx_word' id='word_1_422' title='bbox 1365 2338 1572 2375; x_wconf 86' lang='lat' dir='ltr'>meditatio.</span> <span class='ocrx_word' id='word_1_423' title='bbox 1739 2338 1771 2384; x_wconf 92' lang='grc' dir='ltr'>Ι,</span> <span class='ocrx_word' id='word_1_424' title='bbox 1799 2353 1842 2386; x_wconf 91' lang='lat'>77</span> 
     </span>
     <span class='ocr_line' id='line_1_95' title="bbox 1066 2385 1843 2433; baseline -0.001 -11"><span class='ocrx_word' id='word_1_425' title='bbox 1066 2386 1204 2422; x_wconf 81' lang='lat' dir='ltr'>Christi</span> <span class='ocrx_word' id='word_1_426' title='bbox 1228 2386 1405 2422; x_wconf 89' lang='lat' dir='ltr'>nativitas</span> <span class='ocrx_word' id='word_1_427' title='bbox 1423 2389 1480 2422; x_wconf 90' lang='lat' dir='ltr'>est</span> <span class='ocrx_word' id='word_1_428' title='bbox 1500 2385 1648 2433; x_wconf 82' lang='lat' dir='ltr'>triplex.</span> <span class='ocrx_word' id='word_1_429' title='bbox 1745 2386 1777 2431; x_wconf 91' lang='grc' dir='ltr'>Ι,</span> <span class='ocrx_word' id='word_1_430' title='bbox 1798 2389 1843 2433; x_wconf 88' lang='grc'>78</span> 
     </span>
     <span class='ocr_line' id='line_1_96' title="bbox 1062 2432 1844 2480; baseline -0.003 -10"><span class='ocrx_word' id='word_1_431' title='bbox 1062 2433 1106 2470; x_wconf 92' lang='lat' dir='ltr'>In</span> <span class='ocrx_word' id='word_1_432' title='bbox 1133 2432 1329 2469; x_wconf 84' lang='lat' dir='ltr'>nativitate</span> <span class='ocrx_word' id='word_1_433' title='bbox 1358 2433 1496 2470; x_wconf 84' lang='lat' dir='ltr'>Christi</span> <span class='ocrx_word' id='word_1_434' title='bbox 1513 2437 1589 2470; x_wconf 86' lang='lat' dir='ltr'>tres</span> <span class='ocrx_word' id='word_1_435' title='bbox 1608 2434 1734 2471; x_wconf 82' lang='lat' dir='ltr'>missae</span> <span class='ocrx_word' id='word_1_436' title='bbox 1751 2433 1844 2480; x_wconf 81' lang='lat' dir='ltr'>quid</span> 
     </span>
     <span class='ocr_line' id='line_1_97' title="bbox 1110 2479 1843 2527; baseline 0.001 -12"><span class='ocrx_word' id='word_1_437' title='bbox 1110 2479 1336 2526; x_wconf 82' lang='lat' dir='ltr'>significent.</span> <span class='ocrx_word' id='word_1_438' title='bbox 1745 2479 1777 2525; x_wconf 91' lang='grc' dir='ltr'>Ι,</span> <span class='ocrx_word' id='word_1_439' title='bbox 1798 2482 1843 2527; x_wconf 90' lang='grc'>78</span> 
     </span>
     <span class='ocr_line' id='line_1_98' title="bbox 1065 2526 1842 2576; baseline -0.001 -12"><span class='ocrx_word' id='word_1_440' title='bbox 1065 2527 1204 2564; x_wconf 84' lang='lat' dir='ltr'>Christi</span> <span class='ocrx_word' id='word_1_441' title='bbox 1234 2527 1440 2565; x_wconf 87' lang='lat' dir='ltr'>nativitatis</span> <span class='ocrx_word' id='word_1_442' title='bbox 1478 2528 1609 2576; x_wconf 83' lang='lat' dir='ltr'>flgurae</span> <span class='ocrx_word' id='word_1_443' title='bbox 1644 2528 1682 2565; x_wconf 91' lang='lat' dir='ltr'>in</span> <span class='ocrx_word' id='word_1_444' title='bbox 1716 2526 1842 2566; x_wconf 88' lang='lat' dir='ltr'>Veteri</span> 
     </span>
     <span class='ocr_line' id='line_1_99' title="bbox 1108 2575 1842 2622; baseline 0.003 -12"><span class='ocrx_word' id='word_1_445' title='bbox 1108 2576 1358 2612; x_wconf 87' lang='lat' dir='ltr'>Testamento.</span> <span class='ocrx_word' id='word_1_446' title='bbox 1741 2575 1771 2619; x_wconf 88' lang='grc' dir='ltr'>Ι,</span> <span class='ocrx_word' id='word_1_447' title='bbox 1796 2589 1842 2622; x_wconf 88' lang='lat'>79</span> 
     </span>
     <span class='ocr_line' id='line_1_100' title="bbox 1060 2621 1841 2669; baseline 0 -12"><span class='ocrx_word' id='word_1_448' title='bbox 1060 2622 1111 2658; x_wconf 93' lang='lat' dir='ltr'>De</span> <span class='ocrx_word' id='word_1_449' title='bbox 1128 2621 1317 2659; x_wconf 87' lang='lat' dir='ltr'>miraculis</span> <span class='ocrx_word' id='word_1_450' title='bbox 1338 2634 1420 2669; x_wconf 88' lang='lat' dir='ltr'>quae</span> <span class='ocrx_word' id='word_1_451' title='bbox 1435 2623 1534 2662; x_wconf 87' lang='lat' dir='ltr'>circa</span> <span class='ocrx_word' id='word_1_452' title='bbox 1550 2624 1687 2660; x_wconf 85' lang='lat' dir='ltr'>Christi</span> <span class='ocrx_word' id='word_1_453' title='bbox 1704 2621 1841 2659; x_wconf 89' lang='lat' dir='ltr'>nativi-</span> 
     </span>
     <span class='ocr_line' id='line_1_101' title="bbox 1108 2668 1841 2753; baseline 0.001 -49"><span class='ocrx_word' id='word_1_454' title='bbox 1108 2671 1224 2705; x_wconf 89' lang='lat' dir='ltr'>tatem</span> <span class='ocrx_word' id='word_1_455' title='bbox 1244 2670 1357 2708; x_wconf 90' lang='lat' dir='ltr'>etiam</span> <span class='ocrx_word' id='word_1_456' title='bbox 1370 2670 1470 2708; x_wconf 92' lang='lat' dir='ltr'>inter</span> <span class='ocrx_word' id='word_1_457' title='bbox 1489 2671 1656 2710; x_wconf 87' lang='lat' dir='ltr'>Gentiles</span> <span class='ocrx_word' id='word_1_458' title='bbox 1676 2668 1841 2753; x_wconf 40' lang='lat' dir='ltr'>contige·</span> 
     </span>
     <span class='ocr_line' id='line_1_102' title="bbox 1107 2719 1842 2753; baseline 0.001 -1"><span class='ocrx_word' id='word_1_459' title='bbox 1107 2721 1211 2752; x_wconf 89' lang='lat' dir='ltr'>runt.</span> <span class='ocrx_word' id='word_1_460' title='bbox 1796 2719 1842 2753; x_wconf 92' lang='lat'>80</span> 
     </span>
     <span class='ocr_line' id='line_1_103' title="bbox 1060 2744 1842 2816; baseline -0.001 -16"><span class='ocrx_word' id='word_1_461' title='bbox 1060 2762 1271 2816; x_wconf 78' lang='lat' dir='ltr'>Nativitatis</span> <span class='ocrx_word' id='word_1_462' title='bbox 1300 2764 1440 2803; x_wconf 86' lang='lat' dir='ltr'>Christi</span> <span class='ocrx_word' id='word_1_463' title='bbox 1464 2769 1607 2814; x_wconf 83' lang='lat' dir='ltr'>quanta</span> <span class='ocrx_word' id='word_1_464' title='bbox 1627 2765 1676 2802; x_wconf 86' lang='lat' dir='ltr'>sit</span> <span class='ocrx_word' id='word_1_465' title='bbox 1701 2744 1842 2802; x_wconf 69' lang='lat' dir='ltr'>solem-</span> 
     </span>
     <span class='ocr_line' id='line_1_104' title="bbox 1106 2810 1842 2856; baseline 0.001 -9"><span class='ocrx_word' id='word_1_466' title='bbox 1106 2813 1221 2848; x_wconf 84' lang='lat' dir='ltr'>nitas.</span> <span class='ocrx_word' id='word_1_467' title='bbox 1746 2810 1779 2856; x_wconf 95' lang='grc' dir='ltr'>Ι,</span> <span class='ocrx_word' id='word_1_468' title='bbox 1796 2813 1842 2848; x_wconf 87' lang='lat'>80</span> 
     </span>
    </p>
   </div>
  </div>
 </body>
</html>
