<?xml version="1.0" encoding="UTF-8"?>
<!DOCTYPE html PUBLIC "-//W3C//DTD XHTML 1.0 Transitional//EN"
    "http://www.w3.org/TR/xhtml1/DTD/xhtml1-transitional.dtd">
<html xmlns="http://www.w3.org/1999/xhtml" xml:lang="en" lang="en">
 <head>
  <title>
</title>
<meta http-equiv="Content-Type" content="text/html;charset=utf-8" />
  <meta name='ocr-system' content='tesseract 3.04.00' />
  <meta name='ocr-capabilities' content='ocr_page ocr_carea ocr_par ocr_line ocrx_word'/>
</head>
<body>
  <div class='ocr_page' id='page_1' title='image "./vitajesuchristie04ludouoft/vitajesuchristie04ludouoft_0343.png"; bbox 0 0 1924 3157; ppageno 0'>
   <div class='ocr_carea' id='block_1_1' title="bbox 627 128 1804 173">
    <p class='ocr_par' dir='ltr' id='par_1_1' title="bbox 627 128 1804 173">
     <span class='ocr_line' id='line_1_1' title="bbox 627 128 1804 173; baseline 0.009 -11"><span class='ocrx_word' id='word_1_1' title='bbox 627 128 679 162; x_wconf 85' lang='lat' dir='ltr'><strong>ET</strong></span> <span class='ocrx_word' id='word_1_2' title='bbox 720 129 951 165; x_wconf 68' lang='lat' dir='ltr'><strong>FiiSTOizml</strong></span> <span class='ocrx_word' id='word_1_3' title='bbox 992 133 1152 169; x_wconf 70' lang='lat' dir='ltr'>TOTll‘s</span> <span class='ocrx_word' id='word_1_4' title='bbox 1191 136 1308 170; x_wconf 78' lang='lat' dir='ltr'><strong>ANNI.</strong></span> <span class='ocrx_word' id='word_1_5' title='bbox 1745 141 1804 173; x_wconf 81' lang='lat'><strong>335</strong></span> 
     </span>
    </p>
   </div>
   <div class='ocr_carea' id='block_1_2' title="bbox 144 199 929 527">
    <p class='ocr_par' dir='ltr' id='par_1_2' title="bbox 181 199 894 283">
     <span class='ocr_line' id='line_1_2' title="bbox 181 199 894 282; baseline 0.003 -48"><span class='ocrx_word' id='word_1_6' title='bbox 181 199 373 234; x_wconf 78' lang='lat' dir='ltr'><strong>Dominioa</strong></span> <span class='ocrx_word' id='word_1_7' title='bbox 400 199 597 282; x_wconf 53' lang='grc' dir='ltr'><strong>Τνίηἱζαίείῥ</strong></span> <span class='ocrx_word' id='word_1_8' title='bbox 619 212 628 235; x_wconf 91' lang='lat'>:</span> <span class='ocrx_word' id='word_1_9' title='bbox 651 201 894 245; x_wconf 71' lang='lat' dir='ltr'><strong>Evanqelium</strong></span> 
     </span>
     <span class='ocr_line' id='line_1_3' title="bbox 514 257 596 283; baseline 0.024 -2"><span class='ocrx_word' id='word_1_10' title='bbox 514 257 549 281; x_wconf 86' lang='lat' dir='ltr'><strong>es</strong></span> <span class='ocrx_word' id='word_1_11' title='bbox 570 258 596 283; x_wconf 82' lang='lat' dir='ltr'><strong>z.</strong></span> 
     </span>
    </p>

    <p class='ocr_par' dir='ltr' id='par_1_3' title="bbox 144 311 929 482">
     <span class='ocr_line' id='line_1_4' title="bbox 144 311 929 361; baseline 0.009 -15"><span class='ocrx_word' id='word_1_12' title='bbox 144 311 238 347; x_wconf 83' lang='lat' dir='ltr'><strong>Data</strong></span> <span class='ocrx_word' id='word_1_13' title='bbox 274 314 332 348; x_wconf 85' lang='lat' dir='ltr'><strong>est</strong></span> <span class='ocrx_word' id='word_1_14' title='bbox 364 311 456 348; x_wconf 90' lang='lat' dir='ltr'><strong>mihi</strong></span> <span class='ocrx_word' id='word_1_15' title='bbox 493 313 615 350; x_wconf 84' lang='lat' dir='ltr'><strong>omnis</strong></span> <span class='ocrx_word' id='word_1_16' title='bbox 648 318 825 361; x_wconf 81' lang='lat' dir='ltr'><strong>potestas,</strong></span> <span class='ocrx_word' id='word_1_17' title='bbox 856 318 929 354; x_wconf 80' lang='lat' dir='ltr'><strong>etc.</strong></span> 
     </span>
     <span class='ocr_line' id='line_1_5' title="bbox 194 360 688 406; baseline 0.01 -11"><span class='ocrx_word' id='word_1_18' title='bbox 194 360 326 396; x_wconf 76' lang='lat' dir='ltr'><strong>Matth.</strong></span> <span class='ocrx_word' id='word_1_19' title='bbox 354 363 412 396; x_wconf 84' lang='lat'><strong>28.</strong></span> <span class='ocrx_word' id='word_1_20' title='bbox 437 363 476 399; x_wconf 83' lang='lat' dir='ltr'><strong>P.</strong></span> <span class='ocrx_word' id='word_1_21' title='bbox 501 361 550 406; x_wconf 86' lang='lat'><strong>11,</strong></span> <span class='ocrx_word' id='word_1_22' title='bbox 575 373 606 399; x_wconf 86' lang='lat' dir='ltr'><strong>e.</strong></span> <span class='ocrx_word' id='word_1_23' title='bbox 629 366 688 400; x_wconf 85' lang='lat' dir='ltr'><strong>So.</strong></span> 
     </span>
     <span class='ocr_line' id='line_1_6' title="bbox 206 433 862 482; baseline 0.009 -15"><span class='ocrx_word' id='word_1_24' title='bbox 206 433 451 478; x_wconf 64' lang='lat' dir='ltr'><strong>Evangelium</strong></span> <span class='ocrx_word' id='word_1_25' title='bbox 474 436 684 479; x_wconf 78' lang='lat' dir='ltr'><strong>Dominicae‚</strong></span> <span class='ocrx_word' id='word_1_26' title='bbox 709 446 790 482; x_wconf 83' lang='lat' dir='ltr'><strong>quae</strong></span> <span class='ocrx_word' id='word_1_27' title='bbox 809 438 862 473; x_wconf 82' lang='lat' dir='ltr'><strong>est</strong></span> 
     </span>
    </p>

    <p class='ocr_par' dir='ltr' id='par_1_4' title="bbox 341 482 725 527">
     <span class='ocr_line' id='line_1_7' title="bbox 341 482 725 527; baseline 0.005 -10"><span class='ocrx_word' id='word_1_28' title='bbox 341 482 359 517; x_wconf 94' lang='grc' dir='ltr'><strong>Ι</strong></span> <span class='ocrx_word' id='word_1_29' title='bbox 375 485 458 527; x_wconf 78' lang='lat' dir='ltr'><strong>post</strong></span> <span class='ocrx_word' id='word_1_30' title='bbox 479 483 725 519; x_wconf 80' lang='lat' dir='ltr'><em>Pentecosten.</em></span> 
     </span>
    </p>
   </div>
   <div class='ocr_carea' id='block_1_3' title="bbox 138 538 927 638">
    <p class='ocr_par' dir='ltr' id='par_1_5' title="bbox 138 538 927 638">
     <span class='ocr_line' id='line_1_8' title="bbox 138 538 927 580; baseline 0.008 -6"><span class='ocrx_word' id='word_1_31' title='bbox 138 538 267 576; x_wconf 87' lang='lat' dir='ltr'><strong>Estote</strong></span> <span class='ocrx_word' id='word_1_32' title='bbox 286 539 552 577; x_wconf 79' lang='lat' dir='ltr'>misericordes</span> <span class='ocrx_word' id='word_1_33' title='bbox 570 541 665 579; x_wconf 76' lang='lat' dir='ltr'><strong>sicut</strong></span> <span class='ocrx_word' id='word_1_34' title='bbox 683 547 719 579; x_wconf 85' lang='lat' dir='ltr'><strong>et</strong></span> <span class='ocrx_word' id='word_1_35' title='bbox 739 545 850 580; x_wconf 81' lang='lat' dir='ltr'><strong>Pater</strong></span> <span class='ocrx_word' id='word_1_36' title='bbox 867 553 927 580; x_wconf 81' lang='lat' dir='ltr'><strong>ve·</strong></span> 
     </span>
     <span class='ocr_line' id='line_1_9' title="bbox 187 589 798 638; baseline 0.007 -15"><span class='ocrx_word' id='word_1_37' title='bbox 187 589 277 633; x_wconf 84' lang='lat' dir='ltr'><strong>ster,</strong></span> <span class='ocrx_word' id='word_1_38' title='bbox 301 591 371 625; x_wconf 84' lang='lat' dir='ltr'><strong>etc.</strong></span> <span class='ocrx_word' id='word_1_39' title='bbox 392 590 479 626; x_wconf 81' lang='lat' dir='ltr'><strong>Luc.</strong></span> <span class='ocrx_word' id='word_1_40' title='bbox 504 593 537 626; x_wconf 89' lang='grc'><strong>6.</strong></span> <span class='ocrx_word' id='word_1_41' title='bbox 561 590 602 627; x_wconf 89' lang='grc' dir='ltr'><strong>Ρ.</strong></span> <span class='ocrx_word' id='word_1_42' title='bbox 629 589 658 635; x_wconf 92' lang='lat'><strong>1,</strong></span> <span class='ocrx_word' id='word_1_43' title='bbox 681 601 714 627; x_wconf 91' lang='lat' dir='ltr'><strong>c.</strong></span> <span class='ocrx_word' id='word_1_44' title='bbox 740 594 798 638; x_wconf 80' lang='lat'><strong>59.</strong></span> 
     </span>
    </p>
   </div>
   <div class='ocr_carea' id='block_1_4' title="bbox 253 653 801 701">
    <p class='ocr_par' dir='ltr' id='par_1_6' title="bbox 253 653 801 701">
     <span class='ocr_line' id='line_1_10' title="bbox 253 653 801 701; baseline 0.007 -13"><span class='ocrx_word' id='word_1_45' title='bbox 253 653 305 688; x_wconf 86' lang='lat' dir='ltr'><strong>De</strong></span> <span class='ocrx_word' id='word_1_46' title='bbox 323 654 427 690; x_wconf 83' lang='lat' dir='ltr'><strong>Festo</strong></span> <span class='ocrx_word' id='word_1_47' title='bbox 453 655 622 701; x_wconf 79' lang='lat' dir='ltr'><em>Corporis</em></span> <span class='ocrx_word' id='word_1_48' title='bbox 648 656 801 693; x_wconf 74' lang='lat' dir='ltr'><strong>Christi.</strong></span> 
     </span>
    </p>
   </div>
   <div class='ocr_carea' id='block_1_5' title="bbox 135 712 921 810">
    <p class='ocr_par' dir='ltr' id='par_1_7' title="bbox 135 712 921 810">
     <span class='ocr_line' id='line_1_11' title="bbox 135 712 921 798; baseline 0.008 -49"><span class='ocrx_word' id='word_1_49' title='bbox 135 712 339 798; x_wconf 45' lang='lat' dir='ltr'><strong>Gagossnela</strong></span> <span class='ocrx_word' id='word_1_50' title='bbox 366 725 452 751; x_wconf 83' lang='lat' dir='ltr'><strong>vere</strong></span> <span class='ocrx_word' id='word_1_51' title='bbox 485 719 541 753; x_wconf 82' lang='lat' dir='ltr'><strong>est</strong></span> <span class='ocrx_word' id='word_1_52' title='bbox 567 717 687 763; x_wconf 84' lang='lat' dir='ltr'><strong>cibus,</strong></span> <span class='ocrx_word' id='word_1_53' title='bbox 711 720 782 755; x_wconf 83' lang='lat' dir='ltr'><strong>etc.</strong></span> <span class='ocrx_word' id='word_1_54' title='bbox 816 718 921 754; x_wconf 84' lang='lat' dir='ltr'><strong>Joan.</strong></span> 
     </span>
     <span class='ocr_line' id='line_1_12' title="bbox 209 773 471 810; baseline 0.011 -13"><span class='ocrx_word' id='word_1_55' title='bbox 209 788 217 797; x_wconf 87' lang='lat'><strong>.</strong></span> <span class='ocrx_word' id='word_1_56' title='bbox 274 790 282 799; x_wconf 97' lang='lat'><strong>.</strong></span> <span class='ocrx_word' id='word_1_57' title='bbox 331 773 391 807; x_wconf 88' lang='lat' dir='ltr'><strong>‚C.</strong></span> <span class='ocrx_word' id='word_1_58' title='bbox 413 778 471 810; x_wconf 86' lang='lat'><strong>70.</strong></span> 
     </span>
    </p>
   </div>
   <div class='ocr_carea' id='block_1_6' title="bbox 393 830 656 867">
    <p class='ocr_par' dir='ltr' id='par_1_8' title="bbox 393 830 656 867">
     <span class='ocr_line' id='line_1_13' title="bbox 393 830 656 867; baseline 0.008 -3"><span class='ocrx_word' id='word_1_59' title='bbox 393 830 585 865; x_wconf 81' lang='lat' dir='ltr'><strong>Dominioa</strong></span> <span class='ocrx_word' id='word_1_60' title='bbox 610 831 656 867; x_wconf 95' lang='lat' dir='ltr'><strong>II.</strong></span> 
     </span>
    </p>
   </div>
   <div class='ocr_carea' id='block_1_7' title="bbox 132 885 921 983">
    <p class='ocr_par' dir='ltr' id='par_1_9' title="bbox 132 885 921 983">
     <span class='ocr_line' id='line_1_14' title="bbox 132 885 921 936; baseline 0.005 -15"><span class='ocrx_word' id='word_1_61' title='bbox 132 885 251 923; x_wconf 88' lang='lat' dir='ltr'><em>Homo</em></span> <span class='ocrx_word' id='word_1_62' title='bbox 273 886 429 933; x_wconf 88' lang='lat' dir='ltr'><strong>quidam</strong></span> <span class='ocrx_word' id='word_1_63' title='bbox 449 888 537 925; x_wconf 82' lang='lat' dir='ltr'><strong>fecit</strong></span> <span class='ocrx_word' id='word_1_64' title='bbox 559 899 707 926; x_wconf 85' lang='lat' dir='ltr'><strong>coenam</strong></span> <span class='ocrx_word' id='word_1_65' title='bbox 728 897 921 936; x_wconf 86' lang='lat' dir='ltr'><strong>magnam,</strong></span> 
     </span>
     <span class='ocr_line' id='line_1_15' title="bbox 180 936 695 983; baseline 0.008 -12"><span class='ocrx_word' id='word_1_66' title='bbox 180 939 251 971; x_wconf 85' lang='lat' dir='ltr'><strong>etc.</strong></span> <span class='ocrx_word' id='word_1_67' title='bbox 271 937 357 974; x_wconf 82' lang='lat' dir='ltr'><strong>Luc.</strong></span> <span class='ocrx_word' id='word_1_68' title='bbox 385 939 439 981; x_wconf 74' lang='lat'><strong>¹4·</strong></span> <span class='ocrx_word' id='word_1_69' title='bbox 465 937 506 974; x_wconf 93' lang='lat' dir='ltr'><strong>P.</strong></span> <span class='ocrx_word' id='word_1_70' title='bbox 529 936 560 983; x_wconf 86' lang='grc' dir='ltr'><strong>Ι,</strong></span> <span class='ocrx_word' id='word_1_71' title='bbox 583 948 614 974; x_wconf 88' lang='lat' dir='ltr'><strong>c.</strong></span> <span class='ocrx_word' id='word_1_72' title='bbox 638 940 695 975; x_wconf 83' lang='lat'><strong>81.</strong></span> 
     </span>
    </p>
   </div>
   <div class='ocr_carea' id='block_1_8' title="bbox 383 1004 658 1041">
    <p class='ocr_par' dir='ltr' id='par_1_10' title="bbox 383 1004 658 1041">
     <span class='ocr_line' id='line_1_16' title="bbox 383 1004 658 1041; baseline 0.011 -3"><span class='ocrx_word' id='word_1_73' title='bbox 383 1004 574 1039; x_wconf 82' lang='lat' dir='ltr'><strong>Dominica</strong></span> <span class='ocrx_word' id='word_1_74' title='bbox 593 1005 658 1041; x_wconf 91' lang='lat' dir='ltr'><strong>III.</strong></span> 
     </span>
    </p>
   </div>
   <div class='ocr_carea' id='block_1_9' title="bbox 130 1059 918 1158">
    <p class='ocr_par' dir='ltr' id='par_1_11' title="bbox 130 1059 918 1158">
     <span class='ocr_line' id='line_1_17' title="bbox 130 1059 918 1110; baseline 0.008 -15"><span class='ocrx_word' id='word_1_75' title='bbox 130 1059 247 1096; x_wconf 82' lang='lat' dir='ltr'><strong>Erant</strong></span> <span class='ocrx_word' id='word_1_76' title='bbox 283 1063 636 1109; x_wconf 79' lang='lat' dir='ltr'>appropinquantes</span> <span class='ocrx_word' id='word_1_77' title='bbox 674 1062 722 1099; x_wconf 88' lang='lat' dir='ltr'><strong>ad</strong></span> <span class='ocrx_word' id='word_1_78' title='bbox 759 1064 888 1100; x_wconf 71' lang='lat' dir='ltr'><strong>,lesum</strong></span> <span class='ocrx_word' id='word_1_79' title='bbox 905 1077 918 1110; x_wconf 62' lang='lat'>5</span> 
     </span>
     <span class='ocr_line' id='line_1_18' title="bbox 178 1110 683 1158; baseline 0.008 -14"><span class='ocrx_word' id='word_1_80' title='bbox 178 1111 250 1144; x_wconf 82' lang='lat' dir='ltr'><strong>etc.</strong></span> <span class='ocrx_word' id='word_1_81' title='bbox 270 1110 359 1146; x_wconf 87' lang='lat' dir='ltr'><strong>Luc.</strong></span> <span class='ocrx_word' id='word_1_82' title='bbox 382 1113 438 1148; x_wconf 85' lang='lat'><strong>15.</strong></span> <span class='ocrx_word' id='word_1_83' title='bbox 462 1112 502 1147; x_wconf 84' lang='lat' dir='ltr'><strong>P.</strong></span> <span class='ocrx_word' id='word_1_84' title='bbox 526 1110 577 1156; x_wconf 86' lang='grc' dir='ltr'><strong>ΙΙ,</strong></span> <span class='ocrx_word' id='word_1_85' title='bbox 597 1122 628 1147; x_wconf 87' lang='lat' dir='ltr'><strong>c.</strong></span> <span class='ocrx_word' id='word_1_86' title='bbox 646 1127 683 1158; x_wconf 89' lang='lat'><strong>7.</strong></span> 
     </span>
    </p>
   </div>
   <div class='ocr_carea' id='block_1_10' title="bbox 382 1179 659 1216">
    <p class='ocr_par' dir='ltr' id='par_1_12' title="bbox 382 1179 659 1216">
     <span class='ocr_line' id='line_1_19' title="bbox 382 1179 659 1216; baseline 0.004 -3"><span class='ocrx_word' id='word_1_87' title='bbox 382 1179 573 1214; x_wconf 79' lang='lat' dir='ltr'><strong>Dominica</strong></span> <span class='ocrx_word' id='word_1_88' title='bbox 593 1180 659 1216; x_wconf 91' lang='lat' dir='ltr'><strong>IV.</strong></span> 
     </span>
    </p>
   </div>
   <div class='ocr_carea' id='block_1_11' title="bbox 127 1233 918 1334">
    <p class='ocr_par' dir='ltr' id='par_1_13' title="bbox 127 1233 918 1334">
     <span class='ocr_line' id='line_1_20' title="bbox 127 1233 918 1285; baseline 0.003 -14"><span class='ocrx_word' id='word_1_89' title='bbox 127 1233 219 1272; x_wconf 91' lang='lat' dir='ltr'><strong>Cum</strong></span> <span class='ocrx_word' id='word_1_90' title='bbox 249 1236 370 1273; x_wconf 87' lang='lat' dir='ltr'><strong>turbae</strong></span> <span class='ocrx_word' id='word_1_91' title='bbox 402 1237 593 1274; x_wconf 85' lang='lat' dir='ltr'><strong>irruerent</strong></span> <span class='ocrx_word' id='word_1_92' title='bbox 623 1237 661 1274; x_wconf 90' lang='lat' dir='ltr'><strong>in</strong></span> <span class='ocrx_word' id='word_1_93' title='bbox 693 1238 835 1281; x_wconf 81' lang='lat' dir='ltr'><strong>Jesum,</strong></span> <span class='ocrx_word' id='word_1_94' title='bbox 860 1241 918 1285; x_wconf 90' lang='lat' dir='ltr'><strong>ut,</strong></span> 
     </span>
     <span class='ocr_line' id='line_1_21' title="bbox 175 1285 668 1334; baseline 0.008 -15"><span class='ocrx_word' id='word_1_95' title='bbox 175 1286 246 1320; x_wconf 87' lang='lat' dir='ltr'><strong>etc.</strong></span> <span class='ocrx_word' id='word_1_96' title='bbox 267 1285 355 1322; x_wconf 85' lang='lat' dir='ltr'><strong>Luc.</strong></span> <span class='ocrx_word' id='word_1_97' title='bbox 376 1288 411 1321; x_wconf 83' lang='lat'><strong>3.</strong></span> <span class='ocrx_word' id='word_1_98' title='bbox 436 1286 477 1321; x_wconf 90' lang='grc' dir='ltr'><strong>Ρ.</strong></span> <span class='ocrx_word' id='word_1_99' title='bbox 500 1286 532 1333; x_wconf 88' lang='grc' dir='ltr'><strong>Ι,</strong></span> <span class='ocrx_word' id='word_1_100' title='bbox 553 1297 584 1322; x_wconf 86' lang='lat' dir='ltr'><strong>c.</strong></span> <span class='ocrx_word' id='word_1_101' title='bbox 611 1300 668 1334; x_wconf 83' lang='lat'><strong>29.</strong></span> 
     </span>
    </p>
   </div>
   <div class='ocr_carea' id='block_1_12' title="bbox 394 1354 653 1389">
    <p class='ocr_par' dir='ltr' id='par_1_14' title="bbox 394 1354 653 1389">
     <span class='ocr_line' id='line_1_22' title="bbox 394 1354 653 1389; baseline 0.004 -1"><span class='ocrx_word' id='word_1_102' title='bbox 394 1354 585 1389; x_wconf 78' lang='lat' dir='ltr'><strong>Dominioa</strong></span> <span class='ocrx_word' id='word_1_103' title='bbox 609 1356 653 1389; x_wconf 92' lang='lat' dir='ltr'><strong>V.</strong></span> 
     </span>
    </p>
   </div>
   <div class='ocr_carea' id='block_1_13' title="bbox 1006 209 1793 431">
    <p class='ocr_par' dir='ltr' id='par_1_15' title="bbox 1006 209 1793 431">
     <span class='ocr_line' id='line_1_23' title="bbox 1239 209 1559 246; baseline 0.009 -3"><span class='ocrx_word' id='word_1_104' title='bbox 1239 209 1330 244; x_wconf 90' lang='lat' dir='ltr'><strong>Dom</strong></span> <span class='ocrx_word' id='word_1_105' title='bbox 1342 210 1444 245; x_wconf 74' lang='lat' dir='ltr'><strong>inico</strong></span> <span class='ocrx_word' id='word_1_106' title='bbox 1465 211 1559 246; x_wconf 86' lang='lat' dir='ltr'><strong>XIII.</strong></span> 
     </span>
     <span class='ocr_line' id='line_1_24' title="bbox 1006 261 1793 314; baseline 0.01 -17"><span class='ocrx_word' id='word_1_107' title='bbox 1006 261 1100 299; x_wconf 90' lang='lat' dir='ltr'><strong>Dum</strong></span> <span class='ocrx_word' id='word_1_108' title='bbox 1127 264 1198 300; x_wconf 84' lang='lat' dir='ltr'><strong>iret</strong></span> <span class='ocrx_word' id='word_1_109' title='bbox 1223 267 1329 302; x_wconf 75' lang='lat' dir='ltr'><strong>Jesus</strong></span> <span class='ocrx_word' id='word_1_110' title='bbox 1352 266 1390 303; x_wconf 91' lang='lat' dir='ltr'><strong>in</strong></span> <span class='ocrx_word' id='word_1_111' title='bbox 1411 268 1639 314; x_wconf 74' lang='lat' dir='ltr'>Jerusalem,</span> <span class='ocrx_word' id='word_1_112' title='bbox 1668 271 1793 305; x_wconf 85' lang='lat' dir='ltr'><strong>trans-</strong></span> 
     </span>
     <span class='ocr_line' id='line_1_25' title="bbox 1053 311 1698 365; baseline 0.012 -19"><span class='ocrx_word' id='word_1_113' title='bbox 1053 311 1143 357; x_wconf 85' lang='lat' dir='ltr'><strong>ibat,</strong></span> <span class='ocrx_word' id='word_1_114' title='bbox 1166 316 1236 349; x_wconf 81' lang='lat' dir='ltr'><strong>etc.</strong></span> <span class='ocrx_word' id='word_1_115' title='bbox 1256 316 1343 351; x_wconf 80' lang='lat' dir='ltr'><strong>Luc.</strong></span> <span class='ocrx_word' id='word_1_116' title='bbox 1375 330 1429 362; x_wconf 89' lang='lat'><strong>17.</strong></span> <span class='ocrx_word' id='word_1_117' title='bbox 1453 318 1491 353; x_wconf 75' lang='grc' dir='ltr'><strong>Ι).</strong></span> <span class='ocrx_word' id='word_1_118' title='bbox 1509 316 1559 363; x_wconf 85' lang='grc' dir='ltr'><strong>ΙΙ,</strong></span> <span class='ocrx_word' id='word_1_119' title='bbox 1581 327 1613 354; x_wconf 89' lang='lat' dir='ltr'><strong>c.</strong></span> <span class='ocrx_word' id='word_1_120' title='bbox 1641 332 1698 365; x_wconf 83' lang='lat'><strong>¹9·</strong></span> 
     </span>
     <span class='ocr_line' id='line_1_26' title="bbox 1240 393 1547 431; baseline 0.016 -5"><span class='ocrx_word' id='word_1_121' title='bbox 1240 393 1433 429; x_wconf 82' lang='lat' dir='ltr'><strong>Dominica</strong></span> <span class='ocrx_word' id='word_1_122' title='bbox 1450 395 1547 431; x_wconf 89' lang='lat' dir='ltr'><strong>XIV.</strong></span> 
     </span>
    </p>
   </div>
   <div class='ocr_carea' id='block_1_14' title="bbox 1002 446 1790 546">
    <p class='ocr_par' dir='ltr' id='par_1_16' title="bbox 1002 446 1790 546">
     <span class='ocr_line' id='line_1_27' title="bbox 1002 446 1790 500; baseline 0.011 -17"><span class='ocrx_word' id='word_1_123' title='bbox 1002 446 1119 484; x_wconf 90' lang='lat' dir='ltr'><strong>Nemo</strong></span> <span class='ocrx_word' id='word_1_124' title='bbox 1139 451 1264 495; x_wconf 84' lang='lat' dir='ltr'><strong>potest</strong></span> <span class='ocrx_word' id='word_1_125' title='bbox 1283 450 1431 488; x_wconf 85' lang='lat' dir='ltr'><strong>duobus</strong></span> <span class='ocrx_word' id='word_1_126' title='bbox 1452 452 1616 490; x_wconf 88' lang='lat' dir='ltr'><strong>dominis</strong></span> <span class='ocrx_word' id='word_1_127' title='bbox 1636 453 1790 500; x_wconf 85' lang='lat' dir='ltr'><strong>servire,</strong></span> 
     </span>
     <span class='ocr_line' id='line_1_28' title="bbox 1051 498 1584 546; baseline 0.015 -15"><span class='ocrx_word' id='word_1_128' title='bbox 1051 498 1122 534; x_wconf 83' lang='lat' dir='ltr'><strong>etc.</strong></span> <span class='ocrx_word' id='word_1_129' title='bbox 1142 499 1276 535; x_wconf 81' lang='lat' dir='ltr'><strong>Matth.</strong></span> <span class='ocrx_word' id='word_1_130' title='bbox 1300 502 1335 536; x_wconf 87' lang='grc'><strong>6.</strong></span> <span class='ocrx_word' id='word_1_131' title='bbox 1360 502 1399 536; x_wconf 93' lang='grc' dir='ltr'><strong>Ρ.</strong></span> <span class='ocrx_word' id='word_1_132' title='bbox 1417 500 1447 546; x_wconf 89' lang='lat'><strong>1,</strong></span> <span class='ocrx_word' id='word_1_133' title='bbox 1471 512 1502 538; x_wconf 91' lang='lat' dir='ltr'><strong>c.</strong></span> <span class='ocrx_word' id='word_1_134' title='bbox 1524 504 1584 539; x_wconf 81' lang='lat'><strong>58.</strong></span> 
     </span>
    </p>
   </div>
   <div class='ocr_carea' id='block_1_15' title="bbox 1249 577 1544 616">
    <p class='ocr_par' dir='ltr' id='par_1_17' title="bbox 1249 577 1544 616">
     <span class='ocr_line' id='line_1_29' title="bbox 1249 577 1544 616; baseline 0.014 -6"><span class='ocrx_word' id='word_1_135' title='bbox 1249 577 1443 613; x_wconf 83' lang='lat' dir='ltr'><strong>Dominioa</strong></span> <span class='ocrx_word' id='word_1_136' title='bbox 1464 580 1544 616; x_wconf 88' lang='lat' dir='ltr'><strong>XV.</strong></span> 
     </span>
    </p>
   </div>
   <div class='ocr_carea' id='block_1_16' title="bbox 1001 631 1788 733">
    <p class='ocr_par' dir='ltr' id='par_1_18' title="bbox 1001 631 1788 733">
     <span class='ocr_line' id='line_1_30' title="bbox 1001 631 1788 685; baseline 0.013 -18"><span class='ocrx_word' id='word_1_137' title='bbox 1001 631 1084 668; x_wconf 85' lang='lat' dir='ltr'><strong>Ibat</strong></span> <span class='ocrx_word' id='word_1_138' title='bbox 1105 634 1214 670; x_wconf 84' lang='lat' dir='ltr'><strong>Jesus</strong></span> <span class='ocrx_word' id='word_1_139' title='bbox 1229 634 1268 670; x_wconf 93' lang='lat' dir='ltr'><strong>in</strong></span> <span class='ocrx_word' id='word_1_140' title='bbox 1295 635 1485 673; x_wconf 85' lang='lat' dir='ltr'><strong>civitatem</strong></span> <span class='ocrx_word' id='word_1_141' title='bbox 1523 648 1610 685; x_wconf 83' lang='lat' dir='ltr'><strong>quae</strong></span> <span class='ocrx_word' id='word_1_142' title='bbox 1633 643 1788 677; x_wconf 82' lang='lat' dir='ltr'><strong>vocatur</strong></span> 
     </span>
     <span class='ocr_line' id='line_1_31' title="bbox 1049 680 1677 733; baseline 0.013 -16"><span class='ocrx_word' id='word_1_143' title='bbox 1049 680 1258 727; x_wconf 77' lang='lat' dir='ltr'><strong>Naim‚eic.</strong></span> <span class='ocrx_word' id='word_1_144' title='bbox 1275 684 1362 720; x_wconf 83' lang='lat' dir='ltr'><strong>Luc.</strong></span> <span class='ocrx_word' id='word_1_145' title='bbox 1381 700 1416 731; x_wconf 90' lang='lat'><strong>7.</strong></span> <span class='ocrx_word' id='word_1_146' title='bbox 1440 687 1480 722; x_wconf 88' lang='lat' dir='ltr'><strong>P.</strong></span> <span class='ocrx_word' id='word_1_147' title='bbox 1503 684 1534 733; x_wconf 87' lang='lat'><strong>1,</strong></span> <span class='ocrx_word' id='word_1_148' title='bbox 1560 697 1591 724; x_wconf 90' lang='lat' dir='ltr'><strong>c.</strong></span> <span class='ocrx_word' id='word_1_149' title='bbox 1618 690 1677 731; x_wconf 89' lang='grc'><strong>44.</strong></span> 
     </span>
    </p>
   </div>
   <div class='ocr_carea' id='block_1_17' title="bbox 1239 761 1545 799">
    <p class='ocr_par' dir='ltr' id='par_1_19' title="bbox 1239 761 1545 799">
     <span class='ocr_line' id='line_1_32' title="bbox 1239 761 1545 799; baseline 0.013 -4"><span class='ocrx_word' id='word_1_150' title='bbox 1239 761 1432 798; x_wconf 81' lang='lat' dir='ltr'><strong>Domz‘m&#39;ca</strong></span> <span class='ocrx_word' id='word_1_151' title='bbox 1448 763 1481 798; x_wconf 89' lang='lat' dir='ltr'><strong>X</strong></span> <span class='ocrx_word' id='word_1_152' title='bbox 1489 764 1545 799; x_wconf 89' lang='lat' dir='ltr'><strong>VI.</strong></span> 
     </span>
    </p>
   </div>
   <div class='ocr_carea' id='block_1_18' title="bbox 1000 816 1786 915">
    <p class='ocr_par' dir='ltr' id='par_1_20' title="bbox 1000 816 1786 915">
     <span class='ocr_line' id='line_1_33' title="bbox 1000 816 1786 871; baseline 0.011 -17"><span class='ocrx_word' id='word_1_153' title='bbox 1000 816 1092 854; x_wconf 90' lang='lat' dir='ltr'><strong>Cum</strong></span> <span class='ocrx_word' id='word_1_154' title='bbox 1107 817 1265 856; x_wconf 83' lang='lat' dir='ltr'><strong>intraret</strong></span> <span class='ocrx_word' id='word_1_155' title='bbox 1280 822 1390 858; x_wconf 83' lang='lat' dir='ltr'><strong>Jesus</strong></span> <span class='ocrx_word' id='word_1_156' title='bbox 1408 821 1563 859; x_wconf 91' lang='lat' dir='ltr'><strong>domum</strong></span> <span class='ocrx_word' id='word_1_157' title='bbox 1578 824 1786 871; x_wconf 89' lang='lat' dir='ltr'><strong>cujusdam,</strong></span> 
     </span>
     <span class='ocr_line' id='line_1_34' title="bbox 1047 868 1555 915; baseline 0.012 -14"><span class='ocrx_word' id='word_1_158' title='bbox 1047 868 1117 902; x_wconf 86' lang='lat' dir='ltr'><strong>etc.</strong></span> <span class='ocrx_word' id='word_1_159' title='bbox 1138 868 1226 904; x_wconf 82' lang='lat' dir='ltr'><strong>Luc.</strong></span> <span class='ocrx_word' id='word_1_160' title='bbox 1250 872 1304 912; x_wconf 82' lang='grc' dir='ltr'><strong>ι4.</strong></span> <span class='ocrx_word' id='word_1_161' title='bbox 1326 869 1368 906; x_wconf 92' lang='lat' dir='ltr'><strong>P.</strong></span> <span class='ocrx_word' id='word_1_162' title='bbox 1390 868 1421 915; x_wconf 93' lang='grc' dir='ltr'><strong>Ι,</strong></span> <span class='ocrx_word' id='word_1_163' title='bbox 1441 880 1472 907; x_wconf 90' lang='lat' dir='ltr'><strong>c.</strong></span> <span class='ocrx_word' id='word_1_164' title='bbox 1497 873 1555 908; x_wconf 86' lang='lat'><strong>80.</strong></span> 
     </span>
    </p>
   </div>
   <div class='ocr_carea' id='block_1_19' title="bbox 996 948 1784 1100">
    <p class='ocr_par' dir='ltr' id='par_1_21' title="bbox 996 948 1784 1100">
     <span class='ocr_line' id='line_1_35' title="bbox 1223 948 1557 986; baseline 0.015 -4"><span class='ocrx_word' id='word_1_165' title='bbox 1223 948 1415 983; x_wconf 78' lang='lat' dir='ltr'><strong>Dominica</strong></span> <span class='ocrx_word' id='word_1_166' title='bbox 1441 950 1557 986; x_wconf 87' lang='lat' dir='ltr'><strong>XVII.</strong></span> 
     </span>
     <span class='ocr_line' id='line_1_36' title="bbox 996 1002 1784 1057; baseline 0.01 -17"><span class='ocrx_word' id='word_1_167' title='bbox 996 1002 1251 1042; x_wconf 74' lang='lat' dir='ltr'><strong>Accesserant</strong></span> <span class='ocrx_word' id='word_1_168' title='bbox 1271 1007 1318 1043; x_wconf 87' lang='lat' dir='ltr'><strong>ad</strong></span> <span class='ocrx_word' id='word_1_169' title='bbox 1339 1009 1471 1044; x_wconf 86' lang='lat' dir='ltr'><strong>Jesum</strong></span> <span class='ocrx_word' id='word_1_170' title='bbox 1498 1009 1692 1057; x_wconf 85' lang='lat' dir='ltr'><strong>Pharisaei,</strong></span> <span class='ocrx_word' id='word_1_171' title='bbox 1713 1013 1784 1048; x_wconf 83' lang='lat' dir='ltr'><strong>etc.</strong></span> 
     </span>
     <span class='ocr_line' id='line_1_37' title="bbox 1042 1053 1526 1100; baseline 0.012 -13"><span class='ocrx_word' id='word_1_172' title='bbox 1042 1053 1177 1090; x_wconf 74' lang='lat' dir='ltr'><strong>Matth.</strong></span> <span class='ocrx_word' id='word_1_173' title='bbox 1199 1067 1254 1091; x_wconf 82' lang='lat'><strong>22.</strong></span> <span class='ocrx_word' id='word_1_174' title='bbox 1273 1055 1314 1092; x_wconf 91' lang='lat' dir='ltr'><strong>P.</strong></span> <span class='ocrx_word' id='word_1_175' title='bbox 1337 1055 1389 1100; x_wconf 90' lang='grc' dir='ltr'><strong>ΙΙ,</strong></span> <span class='ocrx_word' id='word_1_176' title='bbox 1412 1067 1444 1092; x_wconf 87' lang='lat' dir='ltr'><strong>c.</strong></span> <span class='ocrx_word' id='word_1_177' title='bbox 1467 1059 1526 1093; x_wconf 83' lang='lat'><strong>56.</strong></span> 
     </span>
    </p>
   </div>
   <div class='ocr_carea' id='block_1_20' title="bbox 1041 1129 1736 1226">
    <p class='ocr_par' dir='ltr' id='par_1_22' title="bbox 1041 1129 1736 1226">
     <span class='ocr_line' id='line_1_38' title="bbox 1041 1129 1736 1182; baseline 0.014 -19"><span class='ocrx_word' id='word_1_178' title='bbox 1041 1129 1150 1165; x_wconf 83' lang='lat' dir='ltr'><strong>Feria</strong></span> <span class='ocrx_word' id='word_1_179' title='bbox 1174 1134 1311 1176; x_wconf 82' lang='lat' dir='ltr'><strong>quarta</strong></span> <span class='ocrx_word' id='word_1_180' title='bbox 1331 1132 1496 1176; x_wconf 81' lang='lat' dir='ltr'><strong>Quatuor</strong></span> <span class='ocrx_word' id='word_1_181' title='bbox 1521 1135 1736 1182; x_wconf 82' lang='lat' dir='ltr'><strong>Temporum</strong></span> 
     </span>
     <span class='ocr_line' id='line_1_39' title="bbox 1272 1180 1511 1226; baseline 0.017 -11"><span class='ocrx_word' id='word_1_182' title='bbox 1272 1180 1511 1226; x_wconf 80' lang='lat' dir='ltr'><strong>Septembris,</strong></span> 
     </span>
    </p>
   </div>
   <div class='ocr_carea' id='block_1_21' title="bbox 993 1237 1784 1337">
    <p class='ocr_par' dir='ltr' id='par_1_23' title="bbox 993 1237 1784 1337">
     <span class='ocr_line' id='line_1_40' title="bbox 993 1237 1784 1284; baseline 0.009 -11"><span class='ocrx_word' id='word_1_183' title='bbox 993 1237 1244 1284; x_wconf 75' lang='lat' dir='ltr'><strong>Respondeas</strong></span> <span class='ocrx_word' id='word_1_184' title='bbox 1274 1249 1374 1275; x_wconf 88' lang='lat' dir='ltr'><strong>unus</strong></span> <span class='ocrx_word' id='word_1_185' title='bbox 1405 1240 1451 1277; x_wconf 89' lang='lat' dir='ltr'><strong>de</strong></span> <span class='ocrx_word' id='word_1_186' title='bbox 1477 1242 1591 1279; x_wconf 86' lang='lat' dir='ltr'><strong>turba</strong></span> <span class='ocrx_word' id='word_1_187' title='bbox 1614 1241 1707 1279; x_wconf 82' lang='lat' dir='ltr'>dixit</span> <span class='ocrx_word' id='word_1_188' title='bbox 1735 1242 1784 1280; x_wconf 87' lang='lat' dir='ltr'><strong>ad</strong></span> 
     </span>
     <span class='ocr_line' id='line_1_41' title="bbox 1038 1287 1719 1337; baseline 0.009 -15"><span class='ocrx_word' id='word_1_189' title='bbox 1038 1287 1182 1334; x_wconf 88' lang='lat' dir='ltr'><strong>Jesum,</strong></span> <span class='ocrx_word' id='word_1_190' title='bbox 1204 1290 1277 1324; x_wconf 86' lang='lat' dir='ltr'><strong>ete.</strong></span> <span class='ocrx_word' id='word_1_191' title='bbox 1297 1289 1415 1326; x_wconf 85' lang='lat' dir='ltr'><strong>Marc.</strong></span> <span class='ocrx_word' id='word_1_192' title='bbox 1436 1303 1470 1337; x_wconf 85' lang='lat'><strong>9.</strong></span> <span class='ocrx_word' id='word_1_193' title='bbox 1490 1291 1531 1326; x_wconf 90' lang='lat' dir='ltr'><strong>P.</strong></span> <span class='ocrx_word' id='word_1_194' title='bbox 1550 1289 1580 1336; x_wconf 85' lang='grc' dir='ltr'><strong>Ι,</strong></span> <span class='ocrx_word' id='word_1_195' title='bbox 1602 1301 1635 1328; x_wconf 86' lang='lat' dir='ltr'><strong>c.</strong></span> <span class='ocrx_word' id='word_1_196' title='bbox 1655 1293 1719 1335; x_wconf 81' lang='grc'><strong>45.</strong></span> 
     </span>
    </p>
   </div>
   <div class='ocr_carea' id='block_1_22' title="bbox 1254 1369 1508 1404">
    <p class='ocr_par' dir='ltr' id='par_1_24' title="bbox 1254 1369 1508 1404">
     <span class='ocr_line' id='line_1_42' title="bbox 1254 1369 1508 1404; baseline 0 0"><span class='ocrx_word' id='word_1_197' title='bbox 1254 1369 1363 1404; x_wconf 76' lang='grc' dir='ltr'><em>Εενία</em></span> <span class='ocrx_word' id='word_1_198' title='bbox 1387 1371 1508 1404; x_wconf 67' lang='lat' dir='ltr'><strong>sexta.</strong></span> 
     </span>
    </p>
   </div>
   <div class='ocr_carea' id='block_1_23' title="bbox 127 1407 1780 1474">
    <p class='ocr_par' dir='ltr' id='par_1_25' title="bbox 127 1407 1780 1474">
     <span class='ocr_line' id='line_1_43' title="bbox 127 1407 1780 1474; baseline 0.005 -29"><span class='ocrx_word' id='word_1_199' title='bbox 127 1408 206 1446; x_wconf 81' lang='lat' dir='ltr'><strong>Nisi</strong></span> <span class='ocrx_word' id='word_1_200' title='bbox 238 1410 489 1448; x_wconf 80' lang='lat' dir='ltr'><strong>abundaverit</strong></span> <span class='ocrx_word' id='word_1_201' title='bbox 513 1413 660 1459; x_wconf 73' lang='lat' dir='ltr'><strong>justitia</strong></span> <span class='ocrx_word' id='word_1_202' title='bbox 686 1416 809 1449; x_wconf 71' lang='lat' dir='ltr'><strong>vestra</strong></span> <span class='ocrx_word' id='word_1_203' title='bbox 831 1413 917 1460; x_wconf 86' lang='lat' dir='ltr'><strong>plus</strong></span> <span class='ocrx_word' id='word_1_204' title='bbox 953 1407 957 1474; x_wconf 68' lang='lat' dir='ltr'><strong>j</strong></span> <span class='ocrx_word' id='word_1_205' title='bbox 990 1425 1165 1472; x_wconf 69' lang='lat' dir='ltr'><strong>Rogabat</strong></span> <span class='ocrx_word' id='word_1_206' title='bbox 1183 1428 1314 1464; x_wconf 53' lang='lat' dir='ltr'><strong>,jesum</strong></span> <span class='ocrx_word' id='word_1_207' title='bbox 1335 1427 1489 1474; x_wconf 68' lang='lat' dir='ltr'><strong>quidam</strong></span> <span class='ocrx_word' id='word_1_208' title='bbox 1510 1428 1557 1464; x_wconf 73' lang='lat' dir='ltr'><strong>de</strong></span> <span class='ocrx_word' id='word_1_209' title='bbox 1578 1427 1780 1466; x_wconf 64' lang='lat' dir='ltr'><strong>Phapjsaejs</strong></span> 
     </span>
    </p>
   </div>
   <div class='ocr_carea' id='block_1_24' title="bbox 201 1459 956 1508">
    <p class='ocr_par' dir='ltr' id='par_1_26' title="bbox 201 1459 956 1508">
     <span class='ocr_line' id='line_1_44' title="bbox 201 1459 956 1508; baseline 0.007 -14"><span class='ocrx_word' id='word_1_210' title='bbox 201 1468 288 1495; x_wconf 87' lang='lat' dir='ltr'><strong>uam</strong></span> <span class='ocrx_word' id='word_1_211' title='bbox 310 1459 540 1506; x_wconf 84' lang='lat' dir='ltr'><strong>Scribarum,</strong></span> <span class='ocrx_word' id='word_1_212' title='bbox 564 1464 636 1499; x_wconf 81' lang='lat' dir='ltr'><strong>etc.</strong></span> <span class='ocrx_word' id='word_1_213' title='bbox 657 1462 792 1498; x_wconf 76' lang='lat' dir='ltr'><strong>Macth.</strong></span> <span class='ocrx_word' id='word_1_214' title='bbox 815 1464 848 1498; x_wconf 87' lang='lat'><strong>5.</strong></span> <span class='ocrx_word' id='word_1_215' title='bbox 873 1463 912 1499; x_wconf 87' lang='grc' dir='ltr'><strong>Ρ.</strong></span> <span class='ocrx_word' id='word_1_216' title='bbox 951 1475 956 1508; x_wconf 78' lang='lat'>1</span> 
     </span>
    </p>
   </div>
   <div class='ocr_carea' id='block_1_25' title="bbox 174 1468 655 1614">
    <p class='ocr_par' dir='ltr' id='par_1_27' title="bbox 174 1468 655 1614">
     <span class='ocr_line' id='line_1_45' title="bbox 174 1468 360 1553; baseline 0.011 -10"><span class='ocrx_word' id='word_1_217' title='bbox 174 1468 227 1553; x_wconf 55' lang='grc' dir='ltr'><strong>ΙΙΙ,</strong></span> <span class='ocrx_word' id='word_1_218' title='bbox 250 1517 282 1544; x_wconf 90' lang='lat' dir='ltr'><strong>c.</strong></span> <span class='ocrx_word' id='word_1_219' title='bbox 303 1511 360 1552; x_wconf 82' lang='grc'><strong>54.</strong></span> 
     </span>
     <span class='ocr_line' id='line_1_46' title="bbox 377 1577 655 1614; baseline 0.011 -3"><span class='ocrx_word' id='word_1_220' title='bbox 377 1577 569 1612; x_wconf 81' lang='lat' dir='ltr'><strong>Dominica</strong></span> <span class='ocrx_word' id='word_1_221' title='bbox 593 1578 655 1614; x_wconf 89' lang='lat' dir='ltr'><strong>VI.</strong></span> 
     </span>
    </p>
   </div>
   <div class='ocr_carea' id='block_1_26' title="bbox 123 1635 911 1737">
    <p class='ocr_par' dir='ltr' id='par_1_28' title="bbox 123 1635 911 1737">
     <span class='ocr_line' id='line_1_47' title="bbox 123 1635 911 1686; baseline 0.008 -14"><span class='ocrx_word' id='word_1_222' title='bbox 123 1635 215 1673; x_wconf 89' lang='lat' dir='ltr'><strong>Cum</strong></span> <span class='ocrx_word' id='word_1_223' title='bbox 235 1638 348 1675; x_wconf 87' lang='lat' dir='ltr'><strong>turba</strong></span> <span class='ocrx_word' id='word_1_224' title='bbox 362 1639 480 1676; x_wconf 77' lang='lat' dir='ltr'><strong>multa</strong></span> <span class='ocrx_word' id='word_1_225' title='bbox 498 1643 597 1677; x_wconf 59' lang='lat' dir='ltr'><strong>esset</strong></span> <span class='ocrx_word' id='word_1_226' title='bbox 612 1650 697 1678; x_wconf 87' lang='lat' dir='ltr'><strong>cum</strong></span> <span class='ocrx_word' id='word_1_227' title='bbox 715 1642 818 1686; x_wconf 86' lang='lat' dir='ltr'><strong>Jesu,</strong></span> <span class='ocrx_word' id='word_1_228' title='bbox 839 1644 911 1678; x_wconf 81' lang='lat' dir='ltr'><strong>etc.</strong></span> 
     </span>
     <span class='ocr_line' id='line_1_48' title="bbox 170 1685 599 1737; baseline 0.007 -16"><span class='ocrx_word' id='word_1_229' title='bbox 170 1685 286 1723; x_wconf 81' lang='lat' dir='ltr'><strong>Marc.</strong></span> <span class='ocrx_word' id='word_1_230' title='bbox 311 1689 344 1724; x_wconf 90' lang='lat'><strong>8.</strong></span> <span class='ocrx_word' id='word_1_231' title='bbox 368 1688 410 1724; x_wconf 91' lang='lat' dir='ltr'><strong>P.</strong></span> <span class='ocrx_word' id='word_1_232' title='bbox 433 1687 462 1733; x_wconf 91' lang='grc' dir='ltr'><strong>Ι,</strong></span> <span class='ocrx_word' id='word_1_233' title='bbox 487 1699 518 1725; x_wconf 83' lang='lat' dir='ltr'><strong>e.</strong></span> <span class='ocrx_word' id='word_1_234' title='bbox 542 1703 599 1737; x_wconf 86' lang='lat'><strong>9¹--</strong></span> 
     </span>
    </p>
   </div>
   <div class='ocr_carea' id='block_1_27' title="bbox 366 1756 664 1793">
    <p class='ocr_par' dir='ltr' id='par_1_29' title="bbox 366 1756 664 1793">
     <span class='ocr_line' id='line_1_49' title="bbox 366 1756 664 1793; baseline 0.007 -3"><span class='ocrx_word' id='word_1_235' title='bbox 366 1756 559 1791; x_wconf 69' lang='lat' dir='ltr'><strong>Dominica</strong></span> <span class='ocrx_word' id='word_1_236' title='bbox 584 1756 664 1793; x_wconf 86' lang='lat' dir='ltr'><strong>VII.</strong></span> 
     </span>
    </p>
   </div>
   <div class='ocr_carea' id='block_1_28' title="bbox 120 1812 908 1911">
    <p class='ocr_par' dir='ltr' id='par_1_30' title="bbox 120 1812 908 1911">
     <span class='ocr_line' id='line_1_50' title="bbox 120 1812 908 1864; baseline 0.003 -14"><span class='ocrx_word' id='word_1_237' title='bbox 120 1812 312 1854; x_wconf 81' lang='lat' dir='ltr'><strong>Attendite</strong></span> <span class='ocrx_word' id='word_1_238' title='bbox 334 1827 355 1852; x_wconf 87' lang='lat' dir='ltr'><strong>a</strong></span> <span class='ocrx_word' id='word_1_239' title='bbox 376 1815 480 1852; x_wconf 72' lang='lat' dir='ltr'><strong>salsis</strong></span> <span class='ocrx_word' id='word_1_240' title='bbox 500 1816 709 1863; x_wconf 85' lang='lat' dir='ltr'><strong>prophetis,</strong></span> <span class='ocrx_word' id='word_1_241' title='bbox 733 1816 811 1864; x_wconf 86' lang='lat' dir='ltr'><strong>qui,</strong></span> <span class='ocrx_word' id='word_1_242' title='bbox 838 1819 908 1853; x_wconf 81' lang='lat' dir='ltr'><strong>ete.</strong></span> 
     </span>
     <span class='ocr_line' id='line_1_51' title="bbox 166 1863 617 1911; baseline 0.002 -10"><span class='ocrx_word' id='word_1_243' title='bbox 166 1865 301 1901; x_wconf 81' lang='lat' dir='ltr'><strong>Matth.</strong></span> <span class='ocrx_word' id='word_1_244' title='bbox 326 1879 360 1911; x_wconf 90' lang='lat'><strong>7.</strong></span> <span class='ocrx_word' id='word_1_245' title='bbox 385 1864 428 1900; x_wconf 87' lang='lat' dir='ltr'><strong>P.</strong></span> <span class='ocrx_word' id='word_1_246' title='bbox 452 1863 482 1909; x_wconf 89' lang='grc' dir='ltr'><strong>Ι,</strong></span> <span class='ocrx_word' id='word_1_247' title='bbox 503 1875 534 1901; x_wconf 85' lang='lat' dir='ltr'><strong>c.</strong></span> <span class='ocrx_word' id='word_1_248' title='bbox 558 1868 617 1908; x_wconf 83' lang='grc' dir='ltr'><strong>4ο.</strong></span> 
     </span>
    </p>
   </div>
   <div class='ocr_carea' id='block_1_29' title="bbox 121 1931 910 2139">
    <p class='ocr_par' dir='ltr' id='par_1_31' title="bbox 121 1931 910 2139">
     <span class='ocr_line' id='line_1_52' title="bbox 354 1931 668 1967; baseline 0.006 -2"><span class='ocrx_word' id='word_1_249' title='bbox 354 1931 546 1965; x_wconf 76' lang='lat' dir='ltr'><strong>Dominica</strong></span> <span class='ocrx_word' id='word_1_250' title='bbox 569 1932 668 1967; x_wconf 89' lang='lat' dir='ltr'><strong><em>VIII.</em></strong></span> 
     </span>
     <span class='ocr_line' id='line_1_53' title="bbox 121 1987 910 2036; baseline -0.001 -9"><span class='ocrx_word' id='word_1_251' title='bbox 121 1991 240 2027; x_wconf 84' lang='lat' dir='ltr'><strong>Homo</strong></span> <span class='ocrx_word' id='word_1_252' title='bbox 263 1987 418 2036; x_wconf 86' lang='lat' dir='ltr'><strong>quidam</strong></span> <span class='ocrx_word' id='word_1_253' title='bbox 443 1994 525 2026; x_wconf 76' lang='lat' dir='ltr'><strong>erat</strong></span> <span class='ocrx_word' id='word_1_254' title='bbox 551 1989 670 2034; x_wconf 83' lang='lat' dir='ltr'><strong>dives,</strong></span> <span class='ocrx_word' id='word_1_255' title='bbox 694 1989 759 2036; x_wconf 90' lang='lat' dir='ltr'><strong>qui</strong></span> <span class='ocrx_word' id='word_1_256' title='bbox 785 1989 910 2026; x_wconf 91' lang='lat' dir='ltr'><strong>habe-</strong></span> 
     </span>
     <span class='ocr_line' id='line_1_54' title="bbox 168 2036 802 2084; baseline 0 -10"><span class='ocrx_word' id='word_1_257' title='bbox 168 2038 246 2084; x_wconf 86' lang='lat' dir='ltr'><strong>bat,</strong></span> <span class='ocrx_word' id='word_1_258' title='bbox 268 2042 341 2074; x_wconf 85' lang='lat' dir='ltr'><strong>etc.</strong></span> <span class='ocrx_word' id='word_1_259' title='bbox 364 2039 450 2074; x_wconf 83' lang='lat' dir='ltr'><strong>Luc.</strong></span> <span class='ocrx_word' id='word_1_260' title='bbox 477 2041 530 2073; x_wconf 83' lang='lat'><strong>16.</strong></span> <span class='ocrx_word' id='word_1_261' title='bbox 556 2038 597 2075; x_wconf 88' lang='lat' dir='ltr'><strong>P.</strong></span> <span class='ocrx_word' id='word_1_262' title='bbox 618 2036 668 2083; x_wconf 92' lang='grc' dir='ltr'><strong>ΙΙ,</strong></span> <span class='ocrx_word' id='word_1_263' title='bbox 689 2048 719 2075; x_wconf 84' lang='lat' dir='ltr'><strong>e.</strong></span> <span class='ocrx_word' id='word_1_264' title='bbox 748 2040 802 2074; x_wconf 86' lang='lat'><strong>15.</strong></span> 
     </span>
     <span class='ocr_line' id='line_1_55' title="bbox 378 2104 649 2139; baseline 0 0"><span class='ocrx_word' id='word_1_265' title='bbox 378 2104 569 2139; x_wconf 77' lang='lat' dir='ltr'><strong>Dominiea</strong></span> <span class='ocrx_word' id='word_1_266' title='bbox 587 2104 649 2139; x_wconf 91' lang='lat' dir='ltr'><strong>IX.</strong></span> 
     </span>
    </p>
   </div>
   <div class='ocr_carea' id='block_1_30' title="bbox 120 2162 908 2258">
    <p class='ocr_par' dir='ltr' id='par_1_32' title="bbox 120 2162 908 2258">
     <span class='ocr_line' id='line_1_56' title="bbox 120 2162 908 2210; baseline 0.001 -11"><span class='ocrx_word' id='word_1_267' title='bbox 120 2162 213 2200; x_wconf 90' lang='lat' dir='ltr'><strong>Cum</strong></span> <span class='ocrx_word' id='word_1_268' title='bbox 253 2162 578 2210; x_wconf 78' lang='lat' dir='ltr'><strong>appropinquaret</strong></span> <span class='ocrx_word' id='word_1_269' title='bbox 614 2164 721 2199; x_wconf 85' lang='lat' dir='ltr'><strong>Jesus</strong></span> <span class='ocrx_word' id='word_1_270' title='bbox 756 2164 908 2200; x_wconf 80' lang='lat' dir='ltr'><strong>Jerusa-</strong></span> 
     </span>
     <span class='ocr_line' id='line_1_57' title="bbox 167 2210 803 2258; baseline 0.002 -11"><span class='ocrx_word' id='word_1_271' title='bbox 167 2211 256 2256; x_wconf 85' lang='lat' dir='ltr'><strong>lem,</strong></span> <span class='ocrx_word' id='word_1_272' title='bbox 276 2215 347 2247; x_wconf 81' lang='lat' dir='ltr'><strong>etc.</strong></span> <span class='ocrx_word' id='word_1_273' title='bbox 370 2212 456 2247; x_wconf 78' lang='lat' dir='ltr'><strong>Luc.</strong></span> <span class='ocrx_word' id='word_1_274' title='bbox 483 2225 537 2258; x_wconf 88' lang='grc' dir='ltr'><strong>ι9.</strong></span> <span class='ocrx_word' id='word_1_275' title='bbox 559 2211 600 2247; x_wconf 92' lang='grc' dir='ltr'><strong>Ρ.</strong></span> <span class='ocrx_word' id='word_1_276' title='bbox 624 2210 673 2256; x_wconf 88' lang='lat' dir='ltr'><strong>II,</strong></span> <span class='ocrx_word' id='word_1_277' title='bbox 694 2222 726 2247; x_wconf 82' lang='lat' dir='ltr'><strong>e.</strong></span> <span class='ocrx_word' id='word_1_278' title='bbox 747 2224 803 2258; x_wconf 83' lang='lat'><strong>27.</strong></span> 
     </span>
    </p>
   </div>
   <div class='ocr_carea' id='block_1_31' title="bbox 380 2277 636 2313">
    <p class='ocr_par' dir='ltr' id='par_1_33' title="bbox 380 2277 636 2313">
     <span class='ocr_line' id='line_1_58' title="bbox 380 2277 636 2313; baseline 0.004 -1"><span class='ocrx_word' id='word_1_279' title='bbox 380 2278 575 2312; x_wconf 74' lang='lat' dir='ltr'><strong>Dominiea</strong></span> <span class='ocrx_word' id='word_1_280' title='bbox 591 2277 636 2313; x_wconf 94' lang='lat' dir='ltr'><strong>X.</strong></span> 
     </span>
    </p>
   </div>
   <div class='ocr_carea' id='block_1_32' title="bbox 118 2335 906 2470">
    <p class='ocr_par' dir='ltr' id='par_1_34' title="bbox 118 2335 906 2470">
     <span class='ocr_line' id='line_1_59' title="bbox 118 2335 906 2383; baseline -0.003 -9"><span class='ocrx_word' id='word_1_281' title='bbox 118 2336 216 2374; x_wconf 80' lang='lat' dir='ltr'><strong>Dixit</strong></span> <span class='ocrx_word' id='word_1_282' title='bbox 246 2337 355 2373; x_wconf 84' lang='lat' dir='ltr'><strong>Jesus</strong></span> <span class='ocrx_word' id='word_1_283' title='bbox 392 2338 436 2373; x_wconf 78' lang='lat' dir='ltr'><strong>ad</strong></span> <span class='ocrx_word' id='word_1_284' title='bbox 477 2338 676 2382; x_wconf 82' lang='lat' dir='ltr'><strong>quosdam,</strong></span> <span class='ocrx_word' id='word_1_285' title='bbox 702 2335 764 2383; x_wconf 84' lang='lat' dir='ltr'><strong>qui</strong></span> <span class='ocrx_word' id='word_1_286' title='bbox 796 2336 834 2372; x_wconf 90' lang='lat' dir='ltr'><strong>in</strong></span> <span class='ocrx_word' id='word_1_287' title='bbox 867 2347 906 2373; x_wconf 85' lang='lat' dir='ltr'><strong>se</strong></span> 
     </span>
     <span class='ocr_line' id='line_1_60' title="bbox 163 2384 901 2470; baseline 0.003 -50"><span class='ocrx_word' id='word_1_288' title='bbox 163 2384 425 2470; x_wconf 62' lang='grc' dir='ltr'><strong>ἓὲυῦᾱεὼαηῐ,</strong></span> <span class='ocrx_word' id='word_1_289' title='bbox 449 2390 519 2422; x_wconf 87' lang='lat' dir='ltr'><strong>etc.</strong></span> <span class='ocrx_word' id='word_1_290' title='bbox 542 2387 632 2422; x_wconf 83' lang='lat' dir='ltr'><strong>Luc.</strong></span> <span class='ocrx_word' id='word_1_291' title='bbox 659 2386 712 2423; x_wconf 86' lang='lat'><strong>18.</strong></span> <span class='ocrx_word' id='word_1_292' title='bbox 737 2385 779 2420; x_wconf 87' lang='lat' dir='ltr'><strong>P.</strong></span> <span class='ocrx_word' id='word_1_293' title='bbox 801 2384 852 2430; x_wconf 88' lang='lat'><strong>11,</strong></span> <span class='ocrx_word' id='word_1_294' title='bbox 870 2395 901 2421; x_wconf 88' lang='lat' dir='ltr'><strong>c.</strong></span> 
     </span>
    </p>
   </div>
   <div class='ocr_carea' id='block_1_33' title="bbox 376 2494 648 2531">
    <p class='ocr_par' dir='ltr' id='par_1_35' title="bbox 376 2494 648 2531">
     <span class='ocr_line' id='line_1_61' title="bbox 376 2494 648 2531; baseline 0.004 -2"><span class='ocrx_word' id='word_1_295' title='bbox 376 2495 428 2529; x_wconf 91' lang='lat' dir='ltr'><strong>Do</strong></span> <span class='ocrx_word' id='word_1_296' title='bbox 435 2494 569 2530; x_wconf 81' lang='lat' dir='ltr'><strong>minica</strong></span> <span class='ocrx_word' id='word_1_297' title='bbox 588 2494 648 2531; x_wconf 93' lang='lat' dir='ltr'><strong>XI.</strong></span> 
     </span>
    </p>
   </div>
   <div class='ocr_carea' id='block_1_34' title="bbox 115 2549 901 2649">
    <p class='ocr_par' dir='ltr' id='par_1_36' title="bbox 115 2549 901 2649">
     <span class='ocr_line' id='line_1_62' title="bbox 115 2549 901 2601; baseline 0.003 -13"><span class='ocrx_word' id='word_1_298' title='bbox 115 2549 255 2588; x_wconf 84' lang='lat' dir='ltr'><strong>Exiens</strong></span> <span class='ocrx_word' id='word_1_299' title='bbox 291 2552 401 2589; x_wconf 83' lang='lat' dir='ltr'><strong>Jesus</strong></span> <span class='ocrx_word' id='word_1_300' title='bbox 437 2553 483 2589; x_wconf 83' lang='lat' dir='ltr'><strong>de</strong></span> <span class='ocrx_word' id='word_1_301' title='bbox 519 2553 657 2590; x_wconf 86' lang='lat' dir='ltr'><strong>finibus</strong></span> <span class='ocrx_word' id='word_1_302' title='bbox 689 2552 788 2601; x_wconf 89' lang='lat' dir='ltr'><strong>Tyri,</strong></span> <span class='ocrx_word' id='word_1_303' title='bbox 829 2556 901 2591; x_wconf 81' lang='lat' dir='ltr'><strong>etc.</strong></span> 
     </span>
     <span class='ocr_line' id='line_1_63' title="bbox 161 2600 598 2649; baseline 0.009 -14"><span class='ocrx_word' id='word_1_304' title='bbox 161 2600 278 2636; x_wconf 85' lang='lat' dir='ltr'><strong>Mare.</strong></span> <span class='ocrx_word' id='word_1_305' title='bbox 303 2615 338 2647; x_wconf 93' lang='lat'><strong>7.</strong></span> <span class='ocrx_word' id='word_1_306' title='bbox 363 2601 405 2636; x_wconf 93' lang='lat' dir='ltr'><strong>P.</strong></span> <span class='ocrx_word' id='word_1_307' title='bbox 427 2600 458 2645; x_wconf 86' lang='lat'><strong>1,</strong></span> <span class='ocrx_word' id='word_1_308' title='bbox 479 2612 511 2638; x_wconf 85' lang='lat' dir='ltr'><strong>c.</strong></span> <span class='ocrx_word' id='word_1_309' title='bbox 541 2617 598 2649; x_wconf 88' lang='lat'><strong>90.</strong></span> 
     </span>
    </p>
   </div>
   <div class='ocr_carea' id='block_1_35' title="bbox 358 2669 648 2706">
    <p class='ocr_par' dir='ltr' id='par_1_37' title="bbox 358 2669 648 2706">
     <span class='ocr_line' id='line_1_64' title="bbox 358 2669 648 2706; baseline 0.007 -2"><span class='ocrx_word' id='word_1_310' title='bbox 358 2669 551 2705; x_wconf 80' lang='lat' dir='ltr'><strong>Dominica</strong></span> <span class='ocrx_word' id='word_1_311' title='bbox 570 2670 648 2706; x_wconf 88' lang='lat' dir='ltr'><strong>XII.</strong></span> 
     </span>
    </p>
   </div>
   <div class='ocr_carea' id='block_1_36' title="bbox 112 2725 902 2826">
    <p class='ocr_par' dir='ltr' id='par_1_38' title="bbox 112 2725 902 2826">
     <span class='ocr_line' id='line_1_65' title="bbox 112 2725 902 2776; baseline 0.005 -13"><span class='ocrx_word' id='word_1_312' title='bbox 112 2725 218 2764; x_wconf 86' lang='lat' dir='ltr'><strong>Beati</strong></span> <span class='ocrx_word' id='word_1_313' title='bbox 240 2727 337 2764; x_wconf 89' lang='lat' dir='ltr'><strong>oculi</strong></span> <span class='ocrx_word' id='word_1_314' title='bbox 358 2727 421 2774; x_wconf 88' lang='lat' dir='ltr'><strong>qui</strong></span> <span class='ocrx_word' id='word_1_315' title='bbox 443 2727 574 2765; x_wconf 86' lang='lat' dir='ltr'><strong>vident</strong></span> <span class='ocrx_word' id='word_1_316' title='bbox 594 2739 681 2776; x_wconf 81' lang='lat' dir='ltr'><strong>quae</strong></span> <span class='ocrx_word' id='word_1_317' title='bbox 705 2740 770 2767; x_wconf 89' lang='lat' dir='ltr'><strong>vos</strong></span> <span class='ocrx_word' id='word_1_318' title='bbox 789 2728 902 2767; x_wconf 84' lang='lat' dir='ltr'><strong>vide-</strong></span> 
     </span>
     <span class='ocr_line' id='line_1_66' title="bbox 159 2775 752 2826; baseline 0.005 -14"><span class='ocrx_word' id='word_1_319' title='bbox 159 2775 223 2820; x_wconf 83' lang='lat' dir='ltr'><strong>tis,</strong></span> <span class='ocrx_word' id='word_1_320' title='bbox 241 2779 315 2814; x_wconf 84' lang='lat' dir='ltr'><strong>etc.</strong></span> <span class='ocrx_word' id='word_1_321' title='bbox 333 2776 420 2816; x_wconf 83' lang='lat' dir='ltr'><strong>Luc.</strong></span> <span class='ocrx_word' id='word_1_322' title='bbox 448 2791 501 2814; x_wconf 84' lang='grc' dir='ltr'><strong>ιο.</strong></span> <span class='ocrx_word' id='word_1_323' title='bbox 527 2777 567 2814; x_wconf 92' lang='grc' dir='ltr'><strong>Ρ.</strong></span> <span class='ocrx_word' id='word_1_324' title='bbox 589 2776 620 2823; x_wconf 93' lang='lat'><strong>1,</strong></span> <span class='ocrx_word' id='word_1_325' title='bbox 643 2788 675 2816; x_wconf 91' lang='lat' dir='ltr'><strong>c.</strong></span> <span class='ocrx_word' id='word_1_326' title='bbox 695 2780 752 2826; x_wconf 81' lang='lat'><strong>59.</strong></span> 
     </span>
    </p>
   </div>
   <div class='ocr_carea' id='block_1_37' title="bbox 942 2362 947 2565">
    <p class='ocr_par' dir='ltr' id='par_1_39' title="bbox 942 2362 947 2565">
     <span class='ocr_line' id='line_1_67' title="bbox 942 2362 947 2565; baseline 0 592"><span class='ocrx_word' id='word_1_327' title='bbox 942 2362 947 2565; x_wconf 95' lang='lat' dir='ltr'><strong> </strong></span> 
     </span>
    </p>
   </div>
   <div class='ocr_carea' id='block_1_38' title="bbox 940 2569 946 2782">
    <p class='ocr_par' dir='ltr' id='par_1_40' title="bbox 940 2569 946 2782">
     <span class='ocr_line' id='line_1_68' title="bbox 940 2569 946 2782; baseline 0 375"><span class='ocrx_word' id='word_1_328' title='bbox 940 2569 946 2782; x_wconf 95' lang='lat' dir='ltr'><strong> </strong></span> 
     </span>
    </p>
   </div>
   <div class='ocr_carea' id='block_1_39' title="bbox 1038 1475 1777 1570">
    <p class='ocr_par' dir='ltr' id='par_1_41' title="bbox 1038 1475 1777 1570">
     <span class='ocr_line' id='line_1_69' title="bbox 1038 1475 1777 1558; baseline 0.007 -49"><span class='ocrx_word' id='word_1_329' title='bbox 1038 1477 1078 1509; x_wconf 90' lang='lat' dir='ltr'><strong>ut</strong></span> <span class='ocrx_word' id='word_1_330' title='bbox 1095 1475 1374 1558; x_wconf 81' lang='lat' dir='ltr'><strong>6manducaret,</strong></span> <span class='ocrx_word' id='word_1_331' title='bbox 1396 1479 1468 1514; x_wconf 86' lang='lat' dir='ltr'><strong>etc.</strong></span> <span class='ocrx_word' id='word_1_332' title='bbox 1496 1477 1585 1514; x_wconf 82' lang='lat' dir='ltr'><strong>Luc.</strong></span> <span class='ocrx_word' id='word_1_333' title='bbox 1611 1491 1647 1523; x_wconf 88' lang='lat'><strong>7.</strong></span> <span class='ocrx_word' id='word_1_334' title='bbox 1676 1478 1717 1514; x_wconf 87' lang='lat' dir='ltr'><strong>P.</strong></span> <span class='ocrx_word' id='word_1_335' title='bbox 1744 1476 1777 1523; x_wconf 93' lang='lat' dir='ltr'><strong>I,</strong></span> 
     </span>
     <span class='ocr_line' id='line_1_70' title="bbox 1041 1532 1155 1570; baseline 0.018 -12"><span class='ocrx_word' id='word_1_336' title='bbox 1041 1532 1072 1558; x_wconf 89' lang='lat' dir='ltr'><strong>c.</strong></span> <span class='ocrx_word' id='word_1_337' title='bbox 1120 1538 1155 1570; x_wconf 84' lang='lat'><strong>9.</strong></span> 
     </span>
    </p>
   </div>
   <div class='ocr_carea' id='block_1_40' title="bbox 1292 1601 1470 1639">
    <p class='ocr_par' dir='ltr' id='par_1_42' title="bbox 1292 1601 1470 1639">
     <span class='ocr_line' id='line_1_71' title="bbox 1292 1601 1470 1639; baseline -0.006 0"><span class='ocrx_word' id='word_1_338' title='bbox 1292 1601 1470 1639; x_wconf 72' lang='lat' dir='ltr'><strong>Sabbata.</strong></span> 
     </span>
    </p>
   </div>
   <div class='ocr_carea' id='block_1_41' title="bbox 986 1660 1777 1699">
    <p class='ocr_par' dir='ltr' id='par_1_43' title="bbox 986 1660 1777 1699">
     <span class='ocr_line' id='line_1_72' title="bbox 986 1660 1777 1699; baseline 0.001 -2"><span class='ocrx_word' id='word_1_339' title='bbox 986 1660 1145 1698; x_wconf 85' lang='lat' dir='ltr'><strong>Dicebat</strong></span> <span class='ocrx_word' id='word_1_340' title='bbox 1163 1662 1273 1698; x_wconf 72' lang='lat' dir='ltr'><strong>,Iesus</strong></span> <span class='ocrx_word' id='word_1_341' title='bbox 1297 1661 1417 1698; x_wconf 83' lang='lat' dir='ltr'><strong>turbis</strong></span> <span class='ocrx_word' id='word_1_342' title='bbox 1443 1663 1540 1698; x_wconf 82' lang='lat' dir='ltr'><strong>hanc</strong></span> <span class='ocrx_word' id='word_1_343' title='bbox 1559 1660 1777 1699; x_wconf 85' lang='lat' dir='ltr'><strong>similitudi-</strong></span> 
     </span>
    </p>
   </div>
   <div class='ocr_carea' id='block_1_42' title="bbox 1034 1709 1773 1806">
    <p class='ocr_par' dir='ltr' id='par_1_44' title="bbox 1034 1709 1773 1806">
     <span class='ocr_line' id='line_1_73' title="bbox 1034 1709 1773 1794; baseline 0.001 -49"><span class='ocrx_word' id='word_1_344' title='bbox 1034 1719 1123 1794; x_wconf 48' lang='lat' dir='ltr'><strong>sserii</strong></span> <span class='ocrx_word' id='word_1_345' title='bbox 1146 1724 1153 1746; x_wconf 92' lang='lat'><strong>:</strong></span> <span class='ocrx_word' id='word_1_346' title='bbox 1187 1710 1374 1746; x_wconf 86' lang='lat' dir='ltr'><strong>Arborem</strong></span> <span class='ocrx_word' id='word_1_347' title='bbox 1404 1709 1482 1756; x_wconf 87' lang='lat' dir='ltr'><strong>fici,</strong></span> <span class='ocrx_word' id='word_1_348' title='bbox 1505 1714 1576 1748; x_wconf 88' lang='lat' dir='ltr'><strong>etc.</strong></span> <span class='ocrx_word' id='word_1_349' title='bbox 1598 1712 1686 1748; x_wconf 82' lang='lat' dir='ltr'><strong>Luc.</strong></span> <span class='ocrx_word' id='word_1_350' title='bbox 1718 1712 1773 1748; x_wconf 82' lang='lat'><strong>15.</strong></span> 
     </span>
     <span class='ocr_line' id='line_1_74' title="bbox 1066 1768 1264 1806; baseline 0.005 -13"><span class='ocrx_word' id='word_1_351' title='bbox 1066 1784 1073 1793; x_wconf 92' lang='lat'><strong>.</strong></span> <span class='ocrx_word' id='word_1_352' title='bbox 1114 1786 1126 1800; x_wconf 87' lang='lat'><em>‚</em></span> <span class='ocrx_word' id='word_1_353' title='bbox 1150 1768 1182 1794; x_wconf 89' lang='lat' dir='ltr'><strong>c.</strong></span> <span class='ocrx_word' id='word_1_354' title='bbox 1206 1773 1264 1806; x_wconf 86' lang='lat'><strong>79.</strong></span> 
     </span>
    </p>
   </div>
   <div class='ocr_carea' id='block_1_43' title="bbox 1205 1835 1551 1873">
    <p class='ocr_par' dir='ltr' id='par_1_45' title="bbox 1205 1835 1551 1873">
     <span class='ocr_line' id='line_1_75' title="bbox 1205 1835 1551 1873; baseline 0.006 -4"><span class='ocrx_word' id='word_1_355' title='bbox 1205 1835 1398 1871; x_wconf 82' lang='lat' dir='ltr'><strong>Dominica</strong></span> <span class='ocrx_word' id='word_1_356' title='bbox 1416 1837 1551 1873; x_wconf 85' lang='lat' dir='ltr'><strong><em>XVIII.</em></strong></span> 
     </span>
    </p>
   </div>
   <div class='ocr_carea' id='block_1_44' title="bbox 984 1893 1774 1940">
    <p class='ocr_par' dir='ltr' id='par_1_46' title="bbox 984 1893 1774 1940">
     <span class='ocr_line' id='line_1_76' title="bbox 984 1893 1774 1940; baseline 0.003 -11"><span class='ocrx_word' id='word_1_357' title='bbox 984 1893 1203 1930; x_wconf 85' lang='lat' dir='ltr'><strong>Ascendens</strong></span> <span class='ocrx_word' id='word_1_358' title='bbox 1219 1895 1328 1931; x_wconf 85' lang='lat' dir='ltr'><strong>Jesus</strong></span> <span class='ocrx_word' id='word_1_359' title='bbox 1348 1894 1387 1930; x_wconf 91' lang='lat' dir='ltr'><strong>in</strong></span> <span class='ocrx_word' id='word_1_360' title='bbox 1410 1894 1638 1940; x_wconf 83' lang='lat' dir='ltr'><strong>naviculam,</strong></span> <span class='ocrx_word' id='word_1_361' title='bbox 1652 1896 1774 1932; x_wconf 86' lang='lat' dir='ltr'><strong>trans-</strong></span> 
     </span>
    </p>
   </div>
   <div class='ocr_carea' id='block_1_45' title="bbox 1032 1942 1771 2054">
    <p class='ocr_par' dir='ltr' id='par_1_47' title="bbox 1032 1942 1771 2054">
     <span class='ocr_line' id='line_1_77' title="bbox 1032 1942 1771 1991; baseline 0.004 -13"><span class='ocrx_word' id='word_1_362' title='bbox 1032 1942 1198 1988; x_wconf 84' lang='lat' dir='ltr'><strong>fretavit,</strong></span> <span class='ocrx_word' id='word_1_363' title='bbox 1221 1945 1293 1980; x_wconf 81' lang='lat' dir='ltr'><strong>etc,</strong></span> <span class='ocrx_word' id='word_1_364' title='bbox 1316 1944 1451 1979; x_wconf 75' lang='lat' dir='ltr'><strong>Matth.</strong></span> <span class='ocrx_word' id='word_1_365' title='bbox 1476 1959 1510 1991; x_wconf 90' lang='lat'><strong>9.</strong></span> <span class='ocrx_word' id='word_1_366' title='bbox 1538 1944 1579 1979; x_wconf 94' lang='lat' dir='ltr'><strong>P.</strong></span> <span class='ocrx_word' id='word_1_367' title='bbox 1602 1942 1633 1988; x_wconf 94' lang='lat' dir='ltr'><strong>I,</strong></span> <span class='ocrx_word' id='word_1_368' title='bbox 1654 1953 1686 1979; x_wconf 90' lang='lat' dir='ltr'><strong>c.</strong></span> <span class='ocrx_word' id='word_1_369' title='bbox 1711 1945 1771 1987; x_wconf 86' lang='grc'><strong>48.</strong></span> 
     </span>
     <span class='ocr_line' id='line_1_78' title="bbox 1225 2019 1530 2054; baseline 0.003 -1"><span class='ocrx_word' id='word_1_370' title='bbox 1225 2019 1417 2054; x_wconf 77' lang='lat' dir='ltr'><strong>Dominica</strong></span> <span class='ocrx_word' id='word_1_371' title='bbox 1437 2019 1530 2054; x_wconf 88' lang='lat' dir='ltr'><strong>XIX.</strong></span> 
     </span>
    </p>
   </div>
   <div class='ocr_carea' id='block_1_46' title="bbox 986 2075 1774 2124">
    <p class='ocr_par' dir='ltr' id='par_1_48' title="bbox 986 2075 1774 2124">
     <span class='ocr_line' id='line_1_79' title="bbox 986 2075 1774 2124; baseline 0.001 -11"><span class='ocrx_word' id='word_1_372' title='bbox 986 2075 1115 2113; x_wconf 82' lang='lat' dir='ltr'><strong>Simile</strong></span> <span class='ocrx_word' id='word_1_373' title='bbox 1145 2076 1286 2113; x_wconf 82' lang='lat' dir='ltr'><strong>factum</strong></span> <span class='ocrx_word' id='word_1_374' title='bbox 1319 2082 1375 2114; x_wconf 86' lang='lat' dir='ltr'><strong>est</strong></span> <span class='ocrx_word' id='word_1_375' title='bbox 1401 2087 1564 2124; x_wconf 78' lang='lat' dir='ltr'><strong>regnum</strong></span> <span class='ocrx_word' id='word_1_376' title='bbox 1592 2077 1774 2115; x_wconf 86' lang='lat' dir='ltr'><strong>coelorum</strong></span> 
     </span>
    </p>
   </div>
   <div class='ocr_carea' id='block_1_47' title="bbox 1032 2123 1766 2217">
    <p class='ocr_par' dir='ltr' id='par_1_49' title="bbox 1032 2123 1766 2217">
     <span class='ocr_line' id='line_1_80' title="bbox 1032 2123 1766 2172; baseline 0.003 -12"><span class='ocrx_word' id='word_1_377' title='bbox 1032 2123 1178 2160; x_wconf 70' lang='lat' dir='ltr'><strong>homini</strong></span> <span class='ocrx_word' id='word_1_378' title='bbox 1206 2126 1301 2172; x_wconf 84' lang='lat' dir='ltr'><strong>regi,</strong></span> <span class='ocrx_word' id='word_1_379' title='bbox 1332 2125 1395 2172; x_wconf 88' lang='lat' dir='ltr'><strong>qui</strong></span> <span class='ocrx_word' id='word_1_380' title='bbox 1425 2125 1766 2171; x_wconf 79' lang='lat' dir='ltr'><strong>fecit‚etc.Matth.</strong></span> 
     </span>
     <span class='ocr_line' id='line_1_81' title="bbox 1032 2171 1349 2217; baseline 0.006 -9"><span class='ocrx_word' id='word_1_381' title='bbox 1032 2186 1088 2208; x_wconf 74' lang='lat'><strong>22.</strong></span> <span class='ocrx_word' id='word_1_382' title='bbox 1113 2173 1154 2208; x_wconf 86' lang='lat' dir='ltr'><strong>P.</strong></span> <span class='ocrx_word' id='word_1_383' title='bbox 1171 2171 1266 2217; x_wconf 85' lang='lat' dir='ltr'><strong>II‚c.</strong></span> <span class='ocrx_word' id='word_1_384' title='bbox 1289 2176 1349 2217; x_wconf 71' lang='lat'><strong>54.</strong></span> 
     </span>
    </p>
   </div>
   <div class='ocr_carea' id='block_1_48' title="bbox 1230 2254 1517 2288">
    <p class='ocr_par' dir='ltr' id='par_1_50' title="bbox 1230 2254 1517 2288">
     <span class='ocr_line' id='line_1_82' title="bbox 1230 2254 1517 2288; baseline 0 0"><span class='ocrx_word' id='word_1_385' title='bbox 1230 2254 1421 2288; x_wconf 82' lang='lat' dir='ltr'><strong>Dominica</strong></span> <span class='ocrx_word' id='word_1_386' title='bbox 1443 2254 1517 2288; x_wconf 85' lang='lat' dir='ltr'><strong>XX.</strong></span> 
     </span>
    </p>
   </div>
   <div class='ocr_carea' id='block_1_49' title="bbox 945 2283 1765 2360">
    <p class='ocr_par' dir='ltr' id='par_1_51' title="bbox 945 2283 1765 2360">
     <span class='ocr_line' id='line_1_83' title="bbox 945 2283 1765 2360; baseline 0.002 -13"><span class='ocrx_word' id='word_1_387' title='bbox 945 2283 948 2360; x_wconf 58' lang='lat' dir='ltr'><strong>i</strong></span> <span class='ocrx_word' id='word_1_388' title='bbox 982 2312 1072 2347; x_wconf 84' lang='lat' dir='ltr'><strong>Erat</strong></span> <span class='ocrx_word' id='word_1_389' title='bbox 1094 2311 1247 2358; x_wconf 82' lang='lat' dir='ltr'><strong>quidam</strong></span> <span class='ocrx_word' id='word_1_390' title='bbox 1270 2312 1438 2358; x_wconf 83' lang='lat' dir='ltr'><strong>regulus,</strong></span> <span class='ocrx_word' id='word_1_391' title='bbox 1460 2312 1566 2358; x_wconf 86' lang='lat' dir='ltr'><strong>cujus</strong></span> <span class='ocrx_word' id='word_1_392' title='bbox 1585 2311 1687 2349; x_wconf 89' lang='lat' dir='ltr'><strong>filius</strong></span> <span class='ocrx_word' id='word_1_393' title='bbox 1708 2311 1765 2349; x_wconf 88' lang='lat' dir='ltr'><strong>in-</strong></span> 
     </span>
    </p>
   </div>
   <div class='ocr_carea' id='block_1_50' title="bbox 1028 2359 1766 2474">
    <p class='ocr_par' dir='ltr' id='par_1_52' title="bbox 1028 2359 1766 2474">
     <span class='ocr_line' id='line_1_84' title="bbox 1028 2359 1766 2407; baseline 0.004 -12"><span class='ocrx_word' id='word_1_394' title='bbox 1028 2360 1267 2406; x_wconf 83' lang='lat' dir='ltr'><strong>firmabatur,</strong></span> <span class='ocrx_word' id='word_1_395' title='bbox 1284 2364 1354 2396; x_wconf 81' lang='lat' dir='ltr'><strong>ete.</strong></span> <span class='ocrx_word' id='word_1_396' title='bbox 1373 2361 1478 2397; x_wconf 81' lang='lat' dir='ltr'><strong>Joan.</strong></span> <span class='ocrx_word' id='word_1_397' title='bbox 1493 2364 1528 2404; x_wconf 87' lang='grc'><strong>4.</strong></span> <span class='ocrx_word' id='word_1_398' title='bbox 1547 2361 1588 2397; x_wconf 89' lang='grc' dir='ltr'><strong>Ρ.</strong></span> <span class='ocrx_word' id='word_1_399' title='bbox 1606 2359 1638 2407; x_wconf 89' lang='grc' dir='ltr'><strong>Ι,</strong></span> <span class='ocrx_word' id='word_1_400' title='bbox 1655 2370 1688 2401; x_wconf 85' lang='lat' dir='ltr'><strong>c.</strong></span> <span class='ocrx_word' id='word_1_401' title='bbox 1706 2364 1766 2399; x_wconf 83' lang='grc'><strong>65.</strong></span> 
     </span>
     <span class='ocr_line' id='line_1_85' title="bbox 1219 2439 1522 2474; baseline 0.003 -1"><span class='ocrx_word' id='word_1_402' title='bbox 1219 2439 1411 2474; x_wconf 83' lang='lat' dir='ltr'><strong>Dominica</strong></span> <span class='ocrx_word' id='word_1_403' title='bbox 1430 2439 1522 2474; x_wconf 82' lang='lat' dir='ltr'><strong>XXI.</strong></span> 
     </span>
    </p>
   </div>
   <div class='ocr_carea' id='block_1_51' title="bbox 979 2487 1764 2543">
    <p class='ocr_par' dir='ltr' id='par_1_53' title="bbox 979 2487 1764 2543">
     <span class='ocr_line' id='line_1_86' title="bbox 979 2487 1764 2543; baseline -0.001 -8"><span class='ocrx_word' id='word_1_404' title='bbox 979 2498 1237 2535; x_wconf 82' lang='lat' dir='ltr'><strong>Assimilatum</strong></span> <span class='ocrx_word' id='word_1_405' title='bbox 1253 2501 1310 2534; x_wconf 80' lang='lat' dir='ltr'><strong>est</strong></span> <span class='ocrx_word' id='word_1_406' title='bbox 1326 2508 1484 2543; x_wconf 68' lang='lat' dir='ltr'><strong>regnum</strong></span> <span class='ocrx_word' id='word_1_407' title='bbox 1505 2487 1687 2535; x_wconf 77' lang='lat' dir='ltr'><strong>coeloruni</strong></span> <span class='ocrx_word' id='word_1_408' title='bbox 1700 2498 1764 2534; x_wconf 87' lang='lat' dir='ltr'><strong>ho-</strong></span> 
     </span>
    </p>
   </div>
   <div class='ocr_carea' id='block_1_52' title="bbox 1028 2542 1760 2642">
    <p class='ocr_par' dir='ltr' id='par_1_54' title="bbox 1028 2542 1760 2642">
     <span class='ocr_line' id='line_1_87' title="bbox 1028 2542 1760 2592; baseline 0 -10"><span class='ocrx_word' id='word_1_409' title='bbox 1028 2545 1122 2582; x_wconf 93' lang='lat' dir='ltr'><strong>mini</strong></span> <span class='ocrx_word' id='word_1_410' title='bbox 1152 2546 1247 2590; x_wconf 73' lang='lat' dir='ltr'><strong>regi,</strong></span> <span class='ocrx_word' id='word_1_411' title='bbox 1268 2545 1331 2592; x_wconf 87' lang='lat' dir='ltr'><strong>qui</strong></span> <span class='ocrx_word' id='word_1_412' title='bbox 1357 2542 1488 2592; x_wconf 74' lang='lat' dir='ltr'><strong>veluit,</strong></span> <span class='ocrx_word' id='word_1_413' title='bbox 1513 2549 1586 2583; x_wconf 90' lang='lat' dir='ltr'><strong>ete.</strong></span> <span class='ocrx_word' id='word_1_414' title='bbox 1626 2547 1760 2583; x_wconf 75' lang='lat' dir='ltr'><strong>Match.</strong></span> 
     </span>
     <span class='ocr_line' id='line_1_88' title="bbox 1032 2593 1345 2642; baseline -0.006 -11"><span class='ocrx_word' id='word_1_415' title='bbox 1032 2596 1085 2631; x_wconf 87' lang='lat'><strong>18.</strong></span> <span class='ocrx_word' id='word_1_416' title='bbox 1110 2595 1150 2630; x_wconf 84' lang='grc' dir='ltr'><strong>Ρ.</strong></span> <span class='ocrx_word' id='word_1_417' title='bbox 1172 2593 1224 2639; x_wconf 82' lang='lat' dir='ltr'><strong>ss,</strong></span> <span class='ocrx_word' id='word_1_418' title='bbox 1249 2604 1282 2629; x_wconf 86' lang='lat' dir='ltr'><strong>C.</strong></span> <span class='ocrx_word' id='word_1_419' title='bbox 1311 2609 1345 2642; x_wconf 87' lang='lat'><strong>9.</strong></span> 
     </span>
    </p>
   </div>
   <div class='ocr_carea' id='block_1_53' title="bbox 1210 2667 1528 2703">
    <p class='ocr_par' dir='ltr' id='par_1_55' title="bbox 1210 2667 1528 2703">
     <span class='ocr_line' id='line_1_89' title="bbox 1210 2667 1528 2703; baseline 0.003 -2"><span class='ocrx_word' id='word_1_420' title='bbox 1210 2667 1402 2702; x_wconf 83' lang='lat' dir='ltr'><strong>Dominica</strong></span> <span class='ocrx_word' id='word_1_421' title='bbox 1417 2667 1528 2703; x_wconf 86' lang='lat' dir='ltr'><strong>XXII.</strong></span> 
     </span>
    </p>
   </div>
   <div class='ocr_carea' id='block_1_54' title="bbox 977 2725 1763 2764">
    <p class='ocr_par' dir='ltr' id='par_1_56' title="bbox 977 2725 1763 2764">
     <span class='ocr_line' id='line_1_90' title="bbox 977 2725 1763 2764; baseline -0.003 0"><span class='ocrx_word' id='word_1_422' title='bbox 977 2726 1171 2764; x_wconf 86' lang='lat' dir='ltr'><strong>Abeuntes</strong></span> <span class='ocrx_word' id='word_1_423' title='bbox 1208 2726 1392 2764; x_wconf 86' lang='lat' dir='ltr'><strong>Pharisaei</strong></span> <span class='ocrx_word' id='word_1_424' title='bbox 1429 2726 1630 2764; x_wconf 87' lang='lat' dir='ltr'><strong>consilium</strong></span> <span class='ocrx_word' id='word_1_425' title='bbox 1666 2725 1763 2763; x_wconf 90' lang='lat' dir='ltr'><strong>inie-</strong></span> 
     </span>
    </p>
   </div>
   <div class='ocr_carea' id='block_1_55' title="bbox 1025 2774 1711 2820">
    <p class='ocr_par' dir='ltr' id='par_1_57' title="bbox 1025 2774 1711 2820">
     <span class='ocr_line' id='line_1_91' title="bbox 1025 2774 1711 2820; baseline 0.001 -9"><span class='ocrx_word' id='word_1_426' title='bbox 1025 2778 1132 2820; x_wconf 88' lang='lat' dir='ltr'><strong>runt,</strong></span> <span class='ocrx_word' id='word_1_427' title='bbox 1153 2776 1371 2814; x_wconf 79' lang='lat' dir='ltr'><strong>ete.Matth.</strong></span> <span class='ocrx_word' id='word_1_428' title='bbox 1391 2789 1447 2813; x_wconf 74' lang='lat'><strong>22.</strong></span> <span class='ocrx_word' id='word_1_429' title='bbox 1468 2777 1510 2812; x_wconf 87' lang='lat' dir='ltr'><strong>P.</strong></span> <span class='ocrx_word' id='word_1_430' title='bbox 1528 2774 1580 2820; x_wconf 92' lang='lat' dir='ltr'><strong>II,</strong></span> <span class='ocrx_word' id='word_1_431' title='bbox 1599 2785 1632 2812; x_wconf 82' lang='lat' dir='ltr'><strong>o.</strong></span> <span class='ocrx_word' id='word_1_432' title='bbox 1652 2777 1711 2812; x_wconf 78' lang='lat'><strong>35.</strong></span> 
     </span>
    </p>
   </div>
  </div>
 </body>
</html>
