1924 3157
173 193 234 228 3οἳ
587 187 791 221 ΞΕΕΠΝΒῈ
831 187 992 221 Pieris
1030 187 1167 221 CAPUT
1206 186 1407 220 Lxx1xi'ii

179 269 482 295 coxconimssirca
512 267 551 291 ET
574 266 769 295 saoneres.
810 275 853 280 —
876 256 962 291 'l'er-

174 309 314 343 minato
344 303 500 351 ¹iudicio,
538 306 616 338 tota
656 301 826 338 caliditas
861 301 962 338 illius

180 353 277 400 ignis
296 350 530 398 permaximi,
553 348 598 385 de
619 359 693 395 quo
726 348 869 385 dictum
890 352 960 394 esst,

181 402 405 444 exsequetur
440 395 583 434 Jndicis
614 396 861 439 sententiam;
902 395 960 431 in-

180 447 303 483 volvet
337 445 436 482 enim
472 445 688 490 peccatores
711 447 747 479 et
771 443 896 479 trahet
926 444 962 478 in

184 494 387 529 infernum.
408 494 452 527 Et
469 493 519 526 ita
538 493 653 537 patet,
667 490 765 536 qnod
781 490 842 525 illc
865 489 962 536 ignis

184 542 387 576 adventum
425 538 568 576 Judicis
604 541 640 574 et
682 537 884 583 praecedet,
926 540 963 572 et

185 586 514 631 concomitabitur,
553 589 592 621 et
628 588 816 631 sequetur.
857 584 962 619 Unde

184 634 444 678 aitGreqorz'us
469 646 478 668 :
505 645 522 666 «
546 632 611 668 Ille
633 633 744 668 etiam
765 629 877 677 ignis,
900 630 961 675 qui

184 682 319 717 coelum
350 691 502 717 aereum
523 682 560 716 et
586 681 726 715 terram
745 688 962 714 coni-rema-

180 728 248 773 bit,
263 733 478 774 peccatores
492 726 621 774 procul
643 725 756 762 dubio
779 724 962 760 constrin-

179 779 242 821 get
281 777 319 811 in
354 785 465 821 poena
488 785 566 811 suae
592 772 855 809 damnationis.
881 773 963 817 Ipse

186 823 285 858 enim
312 823 542 868 Redemptor
562 824 692 856 noster
718 819 757 854 in
778 829 844 855 suo
874 822 963 854 tunc

183 873 330 906 terrore
352 869 555 911 videbitur,
578 867 686 912 eique
708 865 804 912 ignis
829 865 961 911 judicii

184 917 220 952 in
247 917 500 963 reproborum
521 914 724 950 vindictam
755 912 962 948 famulabi-

184 968 256 1000 tur.
284 976 301 997 »
335 965 377 999 Et
400 964 534 998 iterum
567 973 575 996 z
611 975 626 994 (ι
649 959 812 996 Extremi
830 960 961 1003 judieii

188 1011 262 1055 die,
285 1014 428 1046 aeterno
458 1012 546 1044 tunc.
578 1007 708 1044 ,ludii-,e
742 1006 963 1042 terribiliter

185 1062 405 1103 apparente,
427 1054 637 1092 astantibus
657 1053 872 1100 legionibus
893 1056 962 1089 An-

183 1106 365 1151 gelorum.
388 1103 583 1139 assistente
604 1105 737 1138 cuncto
753 1100 961 1137 coelestium

183 1151 391 1188 ministerio
419 1152 666 1191 Potestatum,
699 1152 812 1194 atque
844 1148 962 1184 omni-

179 1200 250 1236 bus
274 1198 402 1235 electis
416 1199 464 1234 ad
482 1199 552 1233 hoc
573 1196 827 1242 spectaculum
848 1196 961 1231 dedu-

184 1247 266 1288 ctis,
287 1245 462 1291 antiquus
490 1243 608 1280 hostis
628 1243 814 1286 diabolus,
837 1243 962 1279 bellua

182 1293 357 1330 videlicet
375 1291 538 1329 crudelis
557 1298 594 1326 et
607 1291 727 1335 fortis,
741 1289 780 1325 in
794 1290 960 1326 medium

179 1341 347 1386 captivus
376 1340 594 1381 deducetur,
619 1344 654 1374 et
681 1348 764 1374 cum
788 1348 854 1373 suo
881 1348 961 1373 cor·

181 1398 285 1434 pore,
306 1388 343 1423 id
376 1390 433 1423 est
468 1396 550 1422 cum
590 1385 762 1431 reprobis
784 1384 960 1421 omnibus

185 1439 336 1470 aeternae
359 1435 544 1480 geliennae
566 1432 751 1468 incendiis
771 1432 961 1478 mancipa-

182 1483 297 1522 bitur,
321 1492 407 1517 cum
432 1491 453 1517 a
476 1479 634 1516 Domino
662 1480 808 1515 dicetur
829 1491 840 1514 :
876 1482 956 1515 Dis-

180 1530 294 1565 cedite
311 1540 333 1565 a
350 1540 418 1573 me,
441 1528 642 1571 maledicti,
663 1529 702 1562 in
723 1529 842 1570 ionem
862 1531 960 1563 κίεν-

181 1588 280 1621 num,
309 1578 374 1622 qui
396 1579 553 1622 paratus
587 1579 640 1610 est
673 1575 819 1610 diabolo
842 1578 875 1610 ec
898 1586 960 1610 an-

182 1626 272 1669 qelis
294 1625 385 1669 eJus.
410 1624 437 1659 O
460 1623 570 1668 quale
592 1623 664 1658 erit
701 1621 793 1658 illud
818 1626 960 1667 specta-

182 1672 321 1715 culum,
373 1671 524 1717 quando
564 1671 645 1705 liaec
684 1669 958 1706 immanissima

179 1720 306 1755 bellua
329 1720 537 1755 electorum
571 1716 688 1753 oculis
724 1717 957 1762 ostendetur,

183 1777 266 1812 quae
305 1767 376 1802 hoc
411 1765 500 1801 belli
538 1768 709 1807 tempore
743 1764 856 1800 nimis
893 1775 957 1801 eos

181 1818 324 1850 terrere
343 1815 503 1859 poterat,
525 1813 555 1847 si
572 1812 764 1847 videretur
781 1812 788 1847 l
810 1812 880 1848 Sed
900 1823 958 1848 oc-

181 1862 279 1897 culto
307 1871 349 1896 ac
371 1860 466 1896 miro
486 1861 552 1896 Dei
574 1857 731 1895 consilio
753 1859 894 1905 agitur,
917 1862 959 1895 ut

179 1913 215 1945 et
236 1919 335 1944 nunc
362 1918 428 1954 pei·
452 1908 535 1953 ejus
562 1906 722 1950 gratiam
744 1917 766 1942 a
784 1917 956 1953 pugnan-

179 1957 282 1991 tibus
305 1965 377 1991 non
412 1953 492 1990 visa
528 1954 728 1999 vincatur;
765 1958 802 1990 et
820 1958 911 1990 tunc
937 1965 958 1990 a

181 2002 278 2039 laetis
293 2001 584 2047 victoribusjam
605 2002 751 2046 captiva
771 2001 956 2039 videatur.

179 2052 282 2086 Tunc
304 2053 429 2086 autem
462 2049 553 2095 justi
589 2049 716 2085 divino
754 2049 955 2094 adjutorio,

183 2100 367 2143 quantum
391 2096 583 2132 debitores
616 2098 703 2141 sint,
723 2096 871 2142 plenius
891 2107 958 2132 re-

181 2148 422 2191 cognoscent,
448 2144 598 2189 quando
615 2147 694 2180 tam
715 2145 850 2179 fortem
872 2143 959 2179 bel—

182 2192 284 2229 luam
303 2192 481 2237 viderint,
502 2201 614 2237 quam
630 2201 731 2227 nunc
747 2191 889 2227 infirmi
908 2192 960 2227 vi-

181 2242 323 2278 cerunt,
356 2242 391 2275 et
417 2238 457 2274 in
492 2240 613 2275 hostis
640 2239 697 2275 sui
724 2238 959 2284 conspicient

182 2286 429 2326 immanitate,
449 2289 632 2332 quantum
653 2286 815 2322 debeant
834 2287 959 2323 defen-

183 2334 277 2370 soris
311 2334 367 2369 sui
404 2333 564 2379 gratiae:
586 2347 604 2366 »
641 2334 721 2369 haec
747 2334 956 2378 Greyorius.

181 2382 285 2416 Undc¹
302 2386 338 2416 et
352 2381 583 2425 Athustinus
603 2392 610 2417 :
635 2395 653 2413 «
672 2382 759 2416 Post
776 2380 959 2426 Judicium

179 2431 311 2474 perget
333 2428 433 2471 hinc,
455 2429 641 2473 ducetque
663 2439 789 2464 secum
809 2439 956 2474 corpus,

188 2475 246 2510 cui
267 2479 379 2517 caput
402 2480 475 2519 est3
501 2479 537 2510 et
560 2475 694 2511 offeret
726 2486 898 2522 regnum,
922 2475 958 2511 id

184 2525 239 2558 est
258 2522 473 2567 redemptos
493 2522 675 2564 sanuuine
691 2534 772 2567 suo,
795 2524 870 2558 Deo
892 2524 958 2558 Pa-

184 2570 245 2604 tri.
273 2570 373 2604 Tunc
399 2569 509 2614 plane
535 2569 725 2605 videbitur
748 2570 870 2606 forma
894 2570 959 2606 illa

188 2615 266 2661 Dei,
282 2626 366 2661 quae
381 2626 455 2651 non
469 2616 591 2662 potuit
606 2616 723 2652 videri
738 2617 785 2653 ab
802 2616 956 2662 iniquis,

183 2673 344 2708 qnorum
362 2662 494 2698 visioni
516 2663 636 2699 forma
653 2664 750 2700 servi
771 2663 957 2701 exhiben-

185 2712 233 2746 da
251 2713 344 2746 erat.
365 2722 382 2743 »
406 2710 510 2746 Unde
530 2711 583 2746 ait
599 2711 712 2746 etiam
731 2712 926 2747 Anselmus
945 2724 956 2747 .-

194 2770 211 2791 «
235 2756 398 2795 Sublatis
419 2759 543 2793 autem
569 2756 705 2804 impiis,
742 2769 789 2795 ne
808 2758 960 2795 videant

192 2804 349 2848 gloriam
368 2804 505 2848 Dei,de
523 2804 634 2850 J'ustis
647 2805 956 2851 singulis,seeun-

1036 255 1123 290 duin
1143 255 1301 300 gradum
1330 264 1438 289 suum
1465 257 1502 289 ct
1526 254 1714 298 meritum,
1745 265 1810 290 an-

1036 301 1164 347 gelicis
1182 300 1376 336 ordinibus
1397 300 1559 341 insertis,
1573 301 1636 337 liet
1657 301 1719 336 illa
1735 300 1813 347 glo-

1035 348 1134 384 riosa
1166 346 1370 393 processio,
1403 347 1550 383 Christo
1573 348 1812 394 praecedente

1042 394 1162 441 capite
1184 397 1327 433 nostro.
1350 394 1598 439 omnibusque
1635 394 1813 431 membris

1036 444 1092 477 sui
1114 441 1371 486 sequentibus,
1401 445 1438 477 et
1458 441 1632 477 tradetur
1651 452 1814 487 regnum

1036 490 1111 525 Deo
1133 488 1235 525 Patri
1256 499 1264 524 :
1291 491 1329 523 ut
1349 488 1426 532 ipse
1460 491 1597 532 regnet
1616 488 1654 524 in
1687 488 1758 533 eis,
1778 493 1816 524 et

1036 536 1103 582 ipsi
1128 537 1164 571 in
1180 546 1239 579 eo,
1264 546 1422 580 regnum
1437 534 1530 571 illud
1550 534 1812 582 percipientes,

1036 583 1136 629 quod
1177 585 1350 629 paratum
1389 586 1446 618 est
1481 582 1556 618 iliis
1595 583 1643 619 ab
1665 582 1814 629 origine

1038 629 1167 666 mundi
1186 641 1194 665 z
1223 644 1235 662 »
1259 630 1339 665 haec
1359 629 1566 665 Anselmus.

1088 692 1123 713 ιι
1178 678 1299 713 Muxni
1318 688 1527 714 INNOVATIO.
1551 697 1594 703 -
1616 677 1704 712 Post
1720 686 1814 721 prae-

1038 725 1137 760 dicta
1171 723 1297 760 statim
1335 723 1407 760 erit
1437 723 1567 760 mundi
1605 723 1812 768 innovatio,

1037 782 1120 817 quae
1142 782 1218 808 non
1240 772 1488 817 complebitur
1519 771 1697 817 quamdiu
1724 781 1811 817 pec·

1037 822 1141 855 cator
1162 822 1217 854 est
1236 818 1275 854 in
1294 819 1451 862 mundo,
1476 818 1515 854 id
1543 821 1600 854 est
1619 828 1814 864 quousque

1038 866 1259 901 detrudatur
1297 865 1337 901 in
1374 865 1580 901 infernum.
1621 865 1680 902 Sic
1715 865 1813 901 enim

1036 912 1135 958 ignis
1156 912 1216 948 ille
1238 913 1492 959 permaximus
1513 912 1703 948 elementa
1721 922 1814 959 pur-

1037 959 1154 1005 gabit,
1179 970 1262 996 cum
1295 960 1433 996 habeat
1470 959 1648 995 virtutem
1681 958 1814 995 formae

1037 1006 1244 1043 extrinsece
1267 1006 1493 1053 expulsivam
1515 1018 1523 1050 ;
1553 1005 1607 1043 sic
1630 1006 1814 1043 mundum

1034 1053 1244 1103 innovabit,
1262 1064 1346 1090 cum
1368 1054 1505 1090 habeat
1524 1055 1698 1090 virtutem
1719 1054 1813 1090 sub-

1036 1102 1246 1137 tiliativam.
1269 1102 1373 1138 Unde
1394 1101 1585 1138 diffrentia
1621 1103 1678 1137 est
1715 1100 1814 1137 inter

1034 1148 1314 1195 purgationem,
1333 1152 1369 1184 et
1388 1148 1670 1185 innovationem
1690 1159 1698 1184 ε
1725 1149 1814 1193 quia

1034 1196 1208 1242 purgatio
1242 1196 1315 1232 erit
1351 1196 1555 1242 poenalium
1590 1194 1811 1241 qualitatum

1036 1243 1232 1289 detractio,
1258 1247 1295 1279 et
1321 1243 1595 1279 elementorum
1621 1243 1667 1278 ab
1690 1243 1810 1288 impu-

1035 1291 1160 1336 ritate,
1179 1301 1291 1337 quam
1311 1301 1352 1326 ex
1369 1290 1635 1326 commixtione
1654 1290 1809 1333 habent,

1034 1338 1080 1374 ad
1099 1339 1303 1384 puritatem
1323 1338 1503 1383 mutati03
1518 1337 1584 1373 sed
1603 1337 1810 1380 innovatio,

1035 1385 1105 1421 erit
1125 1385 1352 1431 pulchrioris
1373 1385 1504 1420 formae
1530 1384 1713 1420 inductio.
1751 1383 1811 1420 Sic
1842 1402 1845 1404 -

1033 1437 1161 1469 autem
1200 1433 1463 1479 purgabuntur
1483 1432 1683 1474 elementa,
1708 1430 1808 1477 quod

1033 1480 1261 1527 praecidetur
1280 1481 1326 1515 ab
1343 1479 1430 1525 igne
1444 1478 1499 1515 vis
1519 1477 1807 1518 combustibilis,

1033 1528 1080 1564 ab
1105 1538 1193 1564 aere
1214 1527 1435 1571 obscuritas,
1459 1527 1506 1563 ab
1524 1536 1623 1571 aqua
1643 1524 1811 1572 glacialis

1034 1574 1234 1622 frigiditas,
1272 1585 1294 1610 a
1332 1579 1435 1610 terra
1471 1572 1733 1620 ponderositas
1772 1576 1809 1608 et

1034 1623 1200 1668 opacitas
1222 1633 1230 1658 :
1257 1622 1345 1668 quia
1366 1621 1411 1657 de
1434 1620 1608 1657 omnibus
1642 1620 1811 1656 elemen-

1032 1670 1079 1706 tis
1113 1670 1214 1716 quod
1250 1669 1418 1716 ignobile
1441 1672 1510 1714 est,
1551 1667 1680 1704 tendet
1699 1666 1809 1703 deor-

1034 1728 1114 1754 sum
1136 1722 1172 1753 et
1200 1717 1247 1753 ad
1270 1718 1394 1753 locum
1431 1725 1643 1762 poenarum,
1668 1713 1811 1750 scilicet

1032 1766 1080 1801 ad
1097 1766 1264 1801 cloacam
1284 1764 1506 1799 infernalem
1529 1771 1613 1798 cum
1634 1760 1810 1799 omnibus

1033 1823 1160 1848 rerum
1196 1811 1446 1848 immunditiis
1484 1810 1662 1853 confluet,
1701 1810 1738 1844 et
1758 1807 1809 1844 ibi

1032 1861 1230 1897 horrorem
1252 1858 1412 1894 carceris
1435 1855 1711 1902 multiplicabit.
1742 1856 1809 1891 Re-

1032 1918 1116 1945 rum
1151 1918 1240 1953 ergo
1261 1904 1507 1947 mutabilitas,
1534 1903 1706 1940 scilicet:
1738 1902 1804 1938 fri-

1033 1966 1115 2001 gus,
1140 1958 1266 1998 aestus,
1295 1953 1511 2000 grandines,
1537 1951 1721 1994 turbines,
1742 1949 1810 2002 sul-

1032 2013 1139 2049 gnra,
1163 2003 1344 2042 tonitrua,
1368 2004 1406 2036 et
1443 1998 1526 2036 aliae
1551 1996 1808 2033 incommodl—

1032 2052 1130 2086 tates
1155 2049 1305 2096 penitus
1345 2047 1581 2090 interibunt3
1621 2044 1808 2081 elementa

1032 2108 1121 2133 vero
1145 2101 1304 2144 purgata
1326 2093 1613 2142 permanebunt.
1643 2093 1808 2144 Innova—

1032 2146 1176 2182 buntur
1207 2145 1336 2188 etiam,
1374 2142 1462 2188 quia
1496 2144 1597 2176 terra
1634 2142 1714 2175 tota
1736 2141 1809 2174 erit

1033 2192 1129 2229 sicut
1154 2192 1351 2237 paradisus
1369 2193 1405 2226 et
1426 2186 1665 2235 planabitur;
1686 2188 1724 2221 et
1742 2195 1808 2221 aer

1034 2240 1105 2276 erit
1131 2239 1281 2283 clarior,
1308 2248 1378 2274 nec
1402 2235 1555 2272 habebit
1587 2233 1807 2286 impressio-

1033 2297 1114 2331 nes,
1137 2297 1227 2333 quas
1256 2286 1371 2322 hahet
1403 2283 1544 2326 modo3
1569 2289 1807 2335 perspicuum

1033 2344 1183 2380 quoque
1201 2333 1240 2368 in
1258 2342 1370 2379 aqua,
1390 2334 1427 2368 et
1447 2330 1508 2366 lux
1526 2330 1564 2365 in
1578 2338 1665 2374 lgne
1683 2336 1807 2380 mane-

1033 2383 1127 2418 bunt
1147 2392 1155 2416 :
1178 2385 1214 2416 et
1234 2380 1330 2416 sicut
1348 2378 1446 2425 ignis
1460 2380 1496 2413 et
1509 2386 1608 2422 aqua
1620 2383 1803 2427 puriores.

1033 2429 1149 2464 Orbes
1169 2438 1318 2474 quoque
1348 2426 1531 2468 coelestes,
1562 2426 1716 2474 propter
1733 2430 1806 2456 im-

1033 2475 1337 2521 permixtionem,
1366 2472 1508 2509 nullam
1548 2471 1802 2521 impuritatem

1033 2520 1804 2565 habentesnullaindigebuntpurgatione,

1032 2569 1127 2606 sicut
1140 2570 1325 2605 elementa
1335 2565 1547 2609 terrestria;
1565 2563 1630 2601 sed
1646 2567 1804 2599 tantum-

1032 2617 1143 2652 modo
1164 2615 1374 2653 cessatione
1391 2616 1526 2657 motus,
1543 2615 1580 2648 et
1594 2611 1678 2647 ideo
1700 2611 1805 2645 inno·
1821 2641 1834 2650 ,

1030 2664 1231 2708 vabuntur,
1261 2663 1327 2700 sed
1352 2672 1428 2698 non
1447 2659 1718 2707 purgabuntur.
1741 2657 1804 2692 In-

1031 2710 1182 2747 novatio
1204 2721 1293 2747 vero
1320 2718 1464 2753 eorum,
1489 2710 1545 2743 est
1577 2716 1600 2743 a
1620 2707 1719 2756 statu
1740 2713 1801 2739 ve-

1029 2758 1101 2794 teri
1118 2759 1154 2794 in
1167 2761 1305 2794 statum
1322 2765 1461 2793 novum
1477 2753 1732 2791 commutatio.
1759 2751 1803 2789 Et

1032 2805 1191 2851 requirit
1212 2806 1249 2840 in
1276 2803 1350 2840 illis
1372 2803 1460 2848 due,
1481 2800 1620 2838 seilicet
1643 2810 1651 2834 :
1679 2800 1801 2834 motus

1916 235 1924 252 1

1919 267 1924 302 l
