1924 3157
162 191 222 223 27ss
583 188 792 221 SECUNDAE
830 188 988 224 PARTIS
1025 189 1160 223 CAPUT
1202 188 1378 220 LXXXIV

158 270 268 296 onem
289 257 374 304 agni
394 257 482 293 data
503 258 559 292 est
570 257 661 300 Lex,
680 256 934 294 descendente

157 306 315 344 Domino
345 315 457 347 super
482 306 649 339 montem
687 304 723 339 in
756 304 863 347 inne·q
899 307 935 340 et

158 351 468 400 quinquagesimo
489 361 597 396 aeque
617 349 678 386 die
698 354 779 396 post
799 352 932 387 Reme-

157 399 364 437 rectionem
399 399 514 434 nostri
550 397 827 441 Redemptoris,
848 398 934 433 data

156 451 213 484 est
227 448 349 492 gratia
369 444 527 491 Spiritus
546 444 668 481 Sancti
689 444 877 490 discipulis-
897 444 933 479 in

159 494 352 530 coenai-ulo
375 491 597 528 constitutis.
619 491 683 528 Hie
703 496 827 528 autem
849 491 933 528 alti-

159 541 251 578 tudo
268 538 464 583 coenaculi,
483 543 519 575 et
532 538 582 574 ibi
599 549 777 575 cacumen
800 539 934 574 mentis

160 587 428 625 sublimitatem
454 590 725 632 praeceptorum
752 590 788 622 et
817 586 933 621 dono-

159 646 241 671 rum
266 633 409 670 indicat
429 632 647 669 coelestium.
665 637 702 669 et
723 632 810 678 quia
825 643 933 668 nemo

157 681 300 718 infimis
336 681 458 717 adhuc
498 679 694 716 desideriis
730 680 933 723 inliaerens,

159 729 215 766 vel
256 728 392 765 divinis
430 728 694 774 obtemperare
731 726 932 770 mandatis,

156 776 215 813 vel
247 777 418 821 supernis
452 774 570 821 possit
610 774 747 820 dignus
774 773 932 809 existere

157 823 265 860 donis
287 835 294 860 :
322 841 333 851 n
363 823 442 858 haec
468 822 579 858 Beda.
800 852 805 858 t

207 874 247 907 15
272 871 416 906 qunAE
451 880 626 904 MlSSlONIS
665 880 706 903 ET
745 879 931 904 firmemus

154 919 319 955 SrnuTus
341 918 482 953 SANCTI.
507 936 547 941 —
577 917 637 952 Sic
659 925 748 961 ergo
772 915 931 960 Spiritus

153 964 279 1002 Sancti
307 963 433 999 missio
468 962 538 998 fuit
562 961 601 998 in
639 963 746 1006 Legis
778 961 931 998 datione

150 1012 406 1059 praefigurata,
446 1015 483 1046 et
508 1010 643 1045 festum
675 1010 929 1054 Pentecostes,

152 1059 247 1106 qnid
290 1058 401 1094 modi»
432 1058 626 1103 peragitur
665 1057 711 1092 ab
749 1056 928 1100 Ecclesia,

151 1107 240 1143 olim
263 1107 368 1151 quasi
396 1104 607 1150 figuraliter
639 1105 889 1150 peragebatur
909 1115 931 1140 a

151 1163 353 1201 synagoga.
383 1150 702 1197 Quinquagesima
733 1162 821 1196 ergo
855 1151 927 1195 dle,

150 1207 350 1248 postquam
370 1198 488 1235 Judaei
511 1200 556 1234 de
569 1199 725 1244 AEgypto
744 1197 927 1242 exierunt,

151 1248 281 1284 decem
324 1249 511 1293 praecepta
536 1245 576 1281 in
614 1249 739 1280 niente
774 1244 874 1281 Sinai
908 1256 930 1282 a

152 1293 312 1331 Domino
348 1296 595 1338 receperunt3
620 1291 672 1328 ita
693 1291 927 1338 quinquage-

153 1341 248 1378 sima
265 1341 325 1376 (Le
346 1344 546 1386 postquam
567 1350 634 1374 nos
652 1339 791 1375 fuimus
811 1340 857 1375 ab
877 1340 929 1375 in-

152 1389 260 1425 ferno
297 1387 460 1430 liberaii,
494 1390 719 1432 receperunt
754 1385 927 1430 discipuli

149 1435 313 1482 gratiam
344 1434 504 1480 Spiritus
521 1432 660 1469 Sancti.
690 1433 791 1469 Istud
815 1433 927 1470 etiam

149 1483 433 1530 praefiguratum
450 1480 516 1517 fuit
531 1480 567 1516 in
584 1480 929 1526 superabundaniia

151 1531 221 1566 olei
260 1529 359 1575 quod
380 1529 508 1564 datum
535 1531 591 1563 est
611 1527 847 1573 pauperculae
875 1527 927 1563 vi-

147 1577 231 1614 duae
257 1587 322 1622 per
344 1587 473 1619 preces
493 1574 615 1611 Elisaei
639 1575 848 1620 prophetie,
866 1574 927 1620 qui

146 1623 410 1661 misericordia
442 1628 565 1658 motus
593 1632 705 1667 super
723 1632 928 1667 paupercu-

145 1672 235 1713 lam,
258 1669 472 1716 impetravit
491 1671 523 1705 ei
545 1680 568 1705 a
588 1668 745 1705 Domino
767 1668 838 1705 olei
860 1670 926 1705 ab·

146 1717 382 1756 undantiam.
415 1719 486 1753 Per
517 1716 666 1752 viduam
692 1716 764 1764 insta
790 1717 926 1752 mdcsi-

145 1770 284 1813 gnatur
316 1769 446 1801 sancta
478 1763 656 1800 Ecclesia.
692 1773 775 1808 (1¹1ae
801 1763 927 1799 ablato

147 1823 286 1861 sponso
313 1823 378 1848 suo
412 1810 577 1854 Christo,
598 1810 797 1846 videbatur
834 1816 926 1846 tam-

148 1871 261 1907 quam
281 1859 413 1901 vidua;
433 1858 499 1894 sed
523 1856 701 1892 Dominus
713 1856 926 1892 misericor-

149 1906 212 1944 dia
232 1910 354 1942 motus
375 1905 478 1941 dedit
499 1904 532 1939 ei
549 1903 620 1940 olei
639 1904 924 1948 abundantiam,

147 1955 220 1990 hoe
256 1957 312 1989 est
351 1952 510 1998 Spiritus
538 1950 663 1986 Sancti
690 1950 866 1996 gratiam,
891 1955 927 1987 et

147 2000 362 2047 linguarum
400 1998 699 2039 intelligentiam.
728 1998 829 2034 Istud
855 1998 926 2034 mi-

148 2048 318 2084 raculum
351 2047 397 2082 de
422 2044 673 2084 iiitelliizeniia
700 2044 925 2090 linguarum,

148 2096 253 2141 quasi
275 2105 342 2141 per
365 2094 527 2139 figuram
548 2093 644 2128 Dens
662 2096 925 2135 praeinonstra-

149 2143 200 2178 vit
219 2142 257 2178 in
279 2153 323 2177 eo
352 2141 451 2187 quud
472 2139 510 2175 in
535 2138 784 2175 aedificatione
811 2139 926 2176 turris

146 2190 262 2226 Babel
288 2187 456 2224 diversas
474 2187 620 2232 linguas
644 2185 797 2222 creavit.
821 2188 925 2223 Tunc

147 2237 245 2273 enim
269 2246 379 2272 unam
404 2235 570 2280 linguam
594 2232 631 2269 in
654 2234 821 2269 diversas
844 2244 923 2270 mu-

146 2287 260 2327 tavit3
285 2282 394 2318 modo
415 2281 614 2327 unicuique
635 2280 923 2326 intelligentiam

146 2330 311 2367 oninium
349 2329 499 2365 illarum
527 2328 640 2367 dedit,
670 2339 739 2364 nec
766 2328 924 2364 miraeu-

143 2378 219 2414 lum
251 2377 346 2412 istud
376 2387 472 2413 nunc
507 2376 671 2420 fecisset,
697 2376 727 2410 si
761 2374 923 2411 divisio-

143 2435 229 2461 nem
259 2424 472 2467 linguarum
492 2426 580 2459 tunc
611 2433 687 2458 non
712 2422 922 2468 praemi—is-

143 2475 225 2515 set;
248 2475 285 2506 et
303 2471 395 2506 sicut
427 2475 513 2507 tunc
534 2481 598 2516 per
621 2469 768 2515 linguas
789 2471 921 2505 contn-

141 2519 196 2556 dit
216 2517 461 2560 aedificantes,
482 2517 535 2553 ita
554 2528 650 2552 nunc
681 2528 744 2559 per
775 2516 921 2562 linguas

140 2565 309 2602 conl'udit
328 2565 493 2607 judicos,
513 2564 573 2610 qui
597 2564 754 2599 multum
777 2563 919 2600 confusi

140 2614 304 2655 suerunt,
330 2614 479 2656 quando
507 2614 581 2645 tam
608 2611 750 2656 grande
769 2615 920 2658 tamque

142 2669 280 2697 novum
299 2658 518 2694 miraculum
539 2658 753 2694 audierunt.

194 2711 234 2751 14
258 2708 355 2743 Deus
381 2717 515 2741 smper·
540 2717 601 2740 EST
627 2716 849 2742 LAUDANDUS.
875 2726 921 2731 —

143 2757 184 2792 ln
220 2755 291 2790 hac
323 2764 413 2800 ergo
452 2751 690 2788 solemnitate
727 2753 920 2789 laudemus

146 2803 232 2838 totis
252 2800 393 2838 viribus
410 2799 624 2846 Dominum,
637 2800 864 2836 exsultemus
883 2802 921 2836 et

1009 257 1182 292 laetemur
1214 254 1250 290 in
1287 265 1346 299 ea,
1374 255 1464 300 quia
1498 256 1587 293 inde
1624 258 1786 294 fructum

1011 314 1082 339 non
1105 301 1310 346 modicum,
1333 312 1400 354 nos
1433 302 1493 348 qui
1515 304 1560 340 ad
1583 305 1694 341 fidem
1718 315 1788 341 ve-

1011 352 1146 393 nimus,
1174 352 1362 385 consecutl
1388 360 1529 386 sumus.
1556 353 1635 387 Non
1669 352 1789 388 solum

1010 401 1131 432 antem
1155 396 1367 432 huminibus
1389 396 1565 441 gaudium
1588 398 1623 433 in
1644 399 1714 434 hac
1735 409 1790 435 so-

1009 444 1201 479 lemnitate
1229 442 1401 488 provenit
1421 443 1486 480 sed
1507 448 1542 480 et
1564 446 1688 481 Beatae
1710 445 1791 481 Vir-

1009 490 1107 536 ginis
1125 490 1302 530 nandium
1324 489 1411 526 inde
1432 495 1663 527 crementum
1682 502 1788 528 acce-

1010 542 1082 583 pit;
1105 538 1150 574 de
1175 548 1248 583 qua
1268 537 1461 573 Anselmus
1485 537 1537 574 sic
1558 538 1610 574 ait
1634 549 1642 574 :
1676 551 1693 572 «
1717 539 1789 575 Sed

1009 589 1045 620 et
1055 584 1278 629 gaudiorum
1296 595 1448 620 suorum
1463 585 1682 630 magnitudo
1699 596 1789 621 non-

1011 631 1100 667 nihil
1122 631 1512 678 incrementiaccepit.
1528 643 1612 668 cum
1633 633 1785 669 venien-

1007 682 1043 715 te
1075 690 1188 724 super
1218 678 1418 724 discipulos
1459 678 1596 724 Spiritu
1635 680 1785 724 Sancto,

1009 737 1091 762 mox
1113 727 1159 762 ad
1173 725 1477 769 praedicationem
1494 725 1658 766 illorum,
1670 726 1784 763 fidem

1007 773 1087 808 Filii
1126 773 1181 809 sui
1219 776 1326 809 tanta
1353 772 1547 809 hominum
1585 773 1784 809 multitudo

1006 823 1182 867 suscepit.
1199 820 1252 855 lbi
1265 830 1440 866 namque,
1460 827 1611 866 excepto
1628 819 1782 866 gaudio,

1006 868 1119 912 quod·
1143 868 1188 903 de
1224 867 1344 903 salute
1379 868 1528 913 generis
1569 867 1720 903 humani
1744 867 1784 903 in

1004 914 1162 950 istorum
1184 925 1427 950 conversione
1450 913 1698 959 concipiebat,
1725 914 1783 951 in-

1004 962 1142 998 tellexit
1158 961 1291 997 Filium
1306 971 1415 997 suum
1429 972 1504 997 non
1522 961 1635 997 fuisse
1650 961 1783 1008 gratis,

1004 1008 1041 1044 id
1062 1013 1119 1045 est
1140 1010 1277 1044 frustra
1295 1012 1496 1049 mortuum,
1521 1019 1605 1044 cuin
1622 1012 1700 1045 tam
1728 1009 1783 1045 ef-

1005 1056 1170 1092 ficaciter
1193 1055 1343 1092 videbat
1371 1056 1517 1102 operari
1542 1056 1655 1092 fidem
1683 1067 1783 1092 mur-

1004 1103 1050 1139 tis
1068 1104 1162 1149 ejus,
1183 1103 1296 1139 etiam
1315 1102 1353 1138 in
1371 1103 1495 1148 eisqui
1515 1108 1662 1139 actores
1683 1102 1785 1139 illius

1004 1153 1236 1187 exstiterant.
1262 1151 1387 1187 Genus
1412 1151 1618 1186 humanum
1649 1150 1697 1186 ad
1723 1161 1785 1187 sa-

1004 1198 1120 1234 lutem
1148 1199 1268 1233 vocari
1297 1197 1460 1237 videbat.
1485 1198 1594 1240 cujus
1617 1197 1670 1233 rei
1690 1209 1785 1244 gra-

1004 1244 1053 1280 tia
1080 1244 1211 1281 Filium
1245 1245 1290 1280 de
1311 1255 1349 1281 se
1371 1244 1667 1291 incorporatum,
1689 1252 1724 1281 et
1746 1244 1785 1280 in

1004 1302 1113 1328 cruce
1132 1302 1283 1338 passum
1307 1296 1393 1328 ante
1416 1292 1667 1336 intellexeram
1692 1303 1783 1338 qua-

1004 1344 1157 1385 propter
1179 1340 1377 1375 laetabatur
1411 1339 1509 1384 quod
1543 1350 1642 1385 spes,
1671 1350 1783 1385 quam

1003 1390 1090 1422 ante
1118 1388 1355 1431 conceperat,
1379 1386 1455 1432 jam
1478 1385 1517 1421 in
1544 1396 1624 1422 rem
1654 1397 1781 1423 veram

1002 1433 1198 1470 transibat.
1223 1433 1444 1469 Gaudehant
1464 1436 1500 1469 et
1519 1435 1685 1479 gandent
1707 1435 1782 1470 ho-

1003 1481 1124 1516 mines
1143 1492 1151 1516 :
1176 1480 1264 1526 qnia
1282 1480 1383 1526 quod
1413 1479 1633 1525 amiserunt,
1655 1484 1781 1518 centu-

1001 1527 1126 1574 plicati
1149 1527 1258 1573 pretii
1283 1531 1428 1564 loenore
1457 1527 1670 1574 recipiiint3
1696 1539 1777 1564 cor-

1003 1578 1159 1611 ruerunt
1192 1573 1304 1620 servi,
1337 1579 1541 1621 resurgunt
1572 1575 1707 1611 fratres
1744 1578 1782 1611 et

1002 1622 1069 1657 filii
1100 1633 1107 1657 :
1134 1636 1150 1655 η
1186 1622 1267 1658 haec
1301 1622 1508 1658 Anselmus.
1533 1623 1586 1663 Et,
1609 1623 1780 1668 quamvis

1001 1668 1187 1715 praecipue
1212 1676 1249 1705 et
1272 1669 1483 1715 specialiter
1502 1669 1538 1705 in
1567 1670 1780 1707 solemnita-

1002 1716 1113 1760 tibus,
1138 1716 1385 1752 nihilominus
1409 1721 1550 1759 tamen,
1579 1727 1726 1761 semper
1746 1719 1782 1753 et

1002 1765 1202 1798 momentis
1223 1763 1396 1800 omnibus
1413 1765 1529 1800 Deum
1551 1764 1704 1800 laudare·
1720 1764 1781 1800 de-

1002 1812 1147 1846 hemus.
1170 1811 1276 1854 Nam,
1304 1814 1345 1846 ut
1364 1810 1453 1846 dicit
1479 1812 1686 1855 Greqorz'us.
1716 1810 1783 1847 mi-

1001 1868 1083 1893 rum
1105 1861 1172 1901 est,
1207 1858 1304 1902 quod
1339 1858 1451 1893 homo
1486 1869 1634 1904 semper
1662 1860 1781 1894 Deum

1003 1915 1077 1940 non
1108 1904 1251 1947 laudat,
1275 1904 1363 1949 quia
1401 1905 1578 1949 quaelibet
1605 1910 1780 1941 creatura

1000 1952 1046 1987 ad
1070 1953 1185 1988 Deum
1210 1952 1437 1988 laudandum
1458 1963 1527 1988 nos
1555 1951 1701 1988 invitat.
1725 1953 1779 1988 Ad

1000 2000 1071 2035 hoc.
1091 2002 1214 2034 antem
1238 1998 1344 2034 nobis
1361 1999 1466 2034 valde
1486 2004 1543 2035 est
1564 1999 1778 2035 necessaria

1000 2044 1158 2088 Spiritus
1183 2045 1308 2082 Sancti
1327 2045 1462 2092 gratia.
1489 2047 1593 2082 Unde
1614 2049 1778 2082 Bernar—

999 2094 1067 2128 dus
1095 2105 1105 2128 .·
1127 2107 1145 2125 «
1178 2092 1215 2128 Si
1239 2093 1321 2138 quis
1342 2097 1464 2138 torpet
1485 2095 1530 2129 de
1561 2093 1622 2130 Dei
1651 2094 1775 2134 laude,

999 2139 1250 2176 certissimum
1271 2140 1385 2177 habet
1413 2139 1450 2176 in
1473 2151 1512 2176 se
1542 2140 1775 2187 experimen-

998 2190 1089 2231 tum,
1120 2187 1219 2232 quod
1248 2198 1323 2223 non
1357 2187 1493 2223 habeat
1527 2187 1565 2223 in
1600 2199 1637 2223 se
1664 2187 1776 2234 Spiri-

997 2238 1075 2270 tum
1097 2235 1291 2280 Sanctum,
1313 2234 1402 2280 quia
1422 2235 1482 2271 nbi
1504 2234 1663 2281 Spiritus
1682 2237 1775 2271 San-

998 2281 1297 2326 ctusintmbitat,
1319 2282 1468 2318 laudem
1492 2281 1555 2318 Dei
1584 2283 1731 2318 excitat.
1754 2296 1773 2315 »

996 2331 1217 2365 Invocantes
1251 2340 1340 2375 ergo
1373 2328 1551 2375 Spiritum
1579 2331 1773 2374 Sanctum,

996 2387 1144 2422 semper
1166 2376 1362 2412 laudemus
1382 2377 1570 2416 Deum,ad
1588 2377 1657 2413 hec
1671 2376 1773 2413 enim

995 2423 1081 2459 sacti
1105 2434 1248 2466 sumus,
1273 2427 1310 2459 ut
1341 2425 1471 2467 Deum,
1495 2423 1575 2460 sine
1596 2424 1670 2459 fine
1693 2423 1775 2459 lau-

994 2471 1148 2514 demus3
1179 2470 1275 2506 sicut
1306 2470 1458 2516 superni
1491 2470 1590 2507 cives
1627 2481 1775 2517 semper

996 2519 1111 2553 Deum
1134 2518 1300 2561 laudant,
1326 2523 1362 2552 et
1386 2519 1575 2561 continue,
1597 2517 1659 2555 ubi
1679 2529 1772 2554 sein-

993 2574 1060 2610 per
1091 2568 1176 2600 sunt
1205 2564 1285 2600 dies
1325 2564 1478 2608 laetitiae,
1499 2569 1534 2600 vt
1568 2575 1772 2611 numquam

994 2614 1098 2647 deest
1118 2614 1352 2654 solemnitas,
1375 2617 1411 2647 et
1434 2611 1641 2657 gratiarum
1656 2611 1768 2656 actio,

993 2662 1029 2694 et
1053 2669 1118 2694 vox
1156 2658 1291 2702 laudis,
1328 2658 1506 2702 scriptum
1534 2663 1590 2695 est
1621 2661 1720 2694 enim
1760 2670 1767 2695 :

991 2707 1095 2741 Beati
1121 2708 1185 2750 qui
1214 2707 1385 2742 harnitant
1409 2708 1448 2742 in
1468 2707 1570 2742 domo
1593 2709 1668 2747 tua,
1704 2708 1769 2741 Do-

991 2754 1101 2796 mine,
1122 2755 1160 2788 in
1191 2755 1310 2789 secula
1343 2755 1542 2790 seculorum
1563 2753 1767 2788 laudabunt

993 2803 1038 2836 tc.
1058 2801 1133 2836 Hoc
1153 2800 1311 2836 maxime
1332 2801 1407 2837 veri
1421 2799 1590 2836 monachi
1608 2799 1768 2844 faciunt,
