1924 3157
163 161 224 196 335

540 161 673 196 INDEX
712 162 1063 197 EVANGELIORUM
1100 161 1411 197 DoniuchRUM

652 300 706 344 IN
738 300 921 345 FESTIS
954 298 1289 345 SANCTORUM.

226 425 271 459 50
287 423 381 460 Julii
399 437 407 459 ε
429 422 497 460 SS.
517 422 650 459 Abdon
669 426 703 460 et
718 424 873 468 sennen,

440 470 662 514 Martyrum.

162 527 304 565 Videns
321 529 339 565 J
345 538 429 564 esus
443 528 586 572 turbas,
602 529 770 566 ascendit
784 528 821 564 in
837 538 941 564 mon-

209 578 300 621 tem,
329 578 400 612 etc.
421 577 554 612 Matth.
579 579 612 614 5.
633 579 674 613 P.
697 576 727 622 Ι,
752 587 783 613 e.
806 578 864 612 55.

257 663 302 697 50
325 660 487 706 Auyustz·
512 672 520 697 z
543 662 608 698 SS.
634 660 798 697 Adaucti
813 662 847 696 et

355 710 501 754 Felicis,
530 710 751 754 Martyrum.

162 767 229 812 Qui
248 777 314 804 vos
336 766 442 804 audit
463 777 522 803 me
543 766 660 814 audit,
680 770 750 804 ete.
774 767 859 803 Luc.
884 779 938 801 lo.

210 816 250 851 Ρ.
275 815 305 861 1,
327 826 359 851 c.
380 817 437 852 58.

291 887 308 904 *
331 900 370 932 17
390 885 552 930 Auyusti
568 896 576 921 ε
590 885 629 921 S.
645 884 817 931 Ayapiti,

453 934 646 976 Martyris.

160 994 237 1031 Nisi
260 1003 420 1041 granum
441 992 633 1036 frumenti,
659 997 729 1030 etc.
751 994 856 1029 Joan.
885 1005 938 1028 12.

212 1043 252 1078 P.
276 1042 326 1087 II,
348 1052 380 1077 C.
401 1043 459 1078 51.

192 1113 212 1150 5
230 1113 427 1150 Februarii
449 1123 457 1149 z
481 1113 520 1149 S.
545 1111 714 1158 Ayathae,
738 1112 909 1156 Viryinis

429 1163 462 1195 et
486 1160 678 1204 Martyris.

163 1218 199 1256 si
215 1217 302 1255 lieet
315 1217 460 1254 homiui
479 1217 670 1254 dimittere
684 1227 853 1262 uxorem,
870 1219 939 1253 ete.

212 1266 346 1303 Matth.
374 1281 429 1313 ¹9·
455 1266 496 1302 P.
523 1265 574 1311 ΙΙ,
596 1276 627 1301 c.
650 1280 704 1302 10.

200 1338 213 1353 ²
236 1353 275 1384 17
297 1338 418 1373 Julii:
441 1336 480 1373 S.
503 1336 646 1381 Alema,
669 1335 904 1379 ConfessoriS.

164 1397 256 1432 Ecce
296 1406 363 1431 nos
403 1393 626 1440 reliquimus
666 1393 793 1430 omnia
815 1420 825 1439 ‚
867 1398 939 1431 etc.

214 1444 348 1480 Matth.
370 1457 424 1490 19.
449 1443 490 1477 P.
513 1441 564 1486 Il,
585 1452 616 1478 c.
644 1444 698 1479 15.

227 1528 265 1551 21
291 1514 394 1550 Junii
415 1525 425 1548 :
447 1513 486 1549 S.
514 1512 662 1557 Aloysii
688 1512 877 1558 Gonzayae,

437 1561 672 1603 Confessoris.·

163 1621 305 1657 Erratis
342 1618 555 1656 nescientes
597 1618 829 1666 Scripturas,
869 1621 939 1656 etc.

207 1669 342 1705 Matth.
367 1681 423 1704 22.
447 1668 488 1703 P.
511 1666 561 1711 ΙΙ,
584 1677 616 1702 c.
639 1669 683 1702 55
704 1669 736 1702 et
755 1670 814 1703 56.

161 1747 179 1769 2
198 1733 379 1777 Augusti:
397 1732 436 1768 S.
458 1731 642 1776 Alphonsi
658 1732 786 1766 Mariae
800 1732 939 1777 Episc.,

289 1780 393 1822 Gonf.
415 1782 449 1814 et
463 1779 632 1814 Ecclesiae
650 1779 826 1814 Doctoris.

161 1838 380 1884 Designavit
405 1836 588 1872 Dominus
611 1840 647 1872 et
667 1835 763 1872 allos
790 1840 939 1883 septua-

208 1885 313 1932 ginta
326 1884 434 1930 duos,
455 1885 630 1920 etc.Luc.
655 1897 711 1919 10.
729 1884 770 1921 P.
787 1884 817 1930 Ι,
835 1887 938 1921 ο.58.
968 1892 978 2450 l

966 2451 973 2602 ἔ

183 1964 225 1998 29
247 1950 459 1988 Novembris
483 1961 492 1984 ε
516 1949 665 1993 Viyiliae
684 1950 723 1985 S.
746 1949 915 1991 Anareae,

455 1997 639 2042 Apostoli.

161 2059 291 2096 Stabat
315 2059 479 2094 Joannes
506 2060 543 2092 et
569 2067 612 2092 ex
639 2055 830 2102 discipulis
858 2056 939 2103 ejus

207 2106 295 2150 duo,
319 2107 389 2141 etc.
413 2106 518 2140 Joan.
547 2118 578 2140 1.
602 2104 643 2139 P.
669 2103 698 2149 Ι,
722 2114 753 2140 c.
778 2107 834 2147 24.

265 2167 310 2200 50
331 2163 544 2203 Novembris
566 2173 573 2198 :
596 2162 634 2198 S.
656 2161 827 2207 Andreae,

455 2210 637 2256 Apostoli.

159 2269 366 2306 Ambulans
389 2271 498 2306 Jesus
514 2269 622 2315 Juxta
648 2278 751 2304 mare
775 2267 937 2305 Galilaeae

204 2317 298 2352 vidit
326 2344 335 2361 ,
363 2322 434 2353 ete.
465 2316 600 2352 Matth.
628 2319 666 2360 4.
689 2316 731 2354 Ρ.
768 2314 798 2360 1,
820 2325 851 2351 e.
877 2329 935 2363 29.

264 2405 281 2428 2
309 2391 472 2427 Octobris
494 2406 502 2427 z
524 2390 836 2435 SS.·Anyelorum

448 2439 655 2475 Custodum.
756 2472 758 2474 ,

156 2497 244 2543 Quis
264 2500 374 2543 putas
393 2497 515 2543 maior
534 2499 603 2539 est,
627 2499 697 2533 etc.
718 2496 852 2533 Matth.
878 2498 931 2533 18.

204 2546 244 2583 P.
267 2544 316 2590 H,
339 2554 371 2580 o.
395 2547 427 2579 6.

186 2619 227 2653 25
246 2616 340 2652 Julii
356 2628 367 2650 :
387 2616 427 2652 S.
449 2615 698 2659 Apollinaris,
719 2615 897 2663 Episcopi

422 2665 454 2698 et
471 2664 662 2706 Martyris.

154 2724 265 2759 Facta
291 2723 347 2758 est
370 2720 561 2757 contentio
588 2720 686 2756 inter
711 2719 928 2766 discipulos,

199 2771 281 2817 quis
293 2769 617 2814 eorum,etc.Luc.
633 2780 690 2806 22.
707 2769 749 2804 P.
761 2767 810 2814 ΙΙ,
830 2770 925 2805 c.56.

1088 435 1106 458 2
1125 421 1220 458 Maii
1239 433 1250 457 ε
1272 421 1310 458 S.
1337 421 1553 467 Athanasii,
1573 424 1716 470 Episc„

1127 469 1233 513 Conf.
1258 471 1291 504 et
1309 469 1479 505 Ecclesiae
1499 471 1678 509 Doctoris.

1014 531 1105 567 Cum
1116 532 1390 575 persequentur
1403 540 1468 566 vos
1481 529 1521 567 in
1533 530 1684 568 civitate
1701 531 1788 577 ista,

1061 577 1191 624 fugite,
1212 580 1284 613 etc.
1310 579 1443 614 Matth.
1471 592 1525 615 ιο.
1555 579 1596 614 Ρ.
1619 578 1650 625 Ι,
1673 589 1705 616 c.
1731 581 1790 614 52.

1175 661 1187 684 1
1199 662 1211 684 1
1235 648 1340 683 Junii
1356 661 1367 683 .·
1387 649 1426 686 S.
1444 649 1638 695 Barnabae,

1309 695 1494 742 Apostoli.

1014 758 1106 841 Eclee
1121 768 1189 841 egga
1210 755 1315 793 mitto
1330 768 1410 804 vos,
1426 761 1496 795 ete.
1516 759 1650 796 Matth.
1676 773 1729 796 10.
1748 758 1790 797 P.

1082 833 1091 851 ,
1111 816 1142 842 c.
1191 818 1223 841 2.

1102 875 1145 916 24
1166 872 1327 917 Auyusti
1345 885 1356 907 .-
1376 871 1417 910 S.
1438 873 1707 915 Bartholomaei,

1312 920 1496 966 Apostoli.

1016 977 1111 1014 Exiit
1129 979 1236 1015 Jesus
1261 978 1300 1014 in
1320 982 1487 1016 montem
1507 990 1631 1026 orare,
1655 983 1692 1018 et
1711 985 1795 1018 erat

1063 1029 1303 1072 pernoctans,
1323 1030 1394 1063 etc.
1412 1029 1499 1063 Luc.
1515 1031 1553 1064 6.
1570 1028 1610 1064 P.
1634 1028 1662 1074 1,
1683 1039 1715 1065 e.
1733 1031 1794 1066 52.

1064 1092 1077 1105 *
1096 1093 1117 1126 5
1135 1091 1327 1127 Februarii
1347 1104 1357 1126 :
1375 1092 1401 1128 S
1420 1091 1552 1139 Blasii,
1569 1094 1693 1140 Episc.
1714 1096 1748 1129 et

1305 1140 1498 1184 Martyris.

1018 1198 1111 1235 Cum
1125 1201 1400 1244 persequentur
1411 1210 1476 1236 vos
1490 1198 1529 1236 in
1542 1199 1690 1238 civitate
1703 1201 1793 1247 ista,

1064 1245 1194 1291 sugite,
1219 1248 1289 1282 etc.
1311 1248 1443 1283 Matth.
1472 1262 1525 1284 10.
1554 1249 1594 1284 P.
1625 1248 1657 1295 Ι,
1679 1259 1711 1286 c.
1734 1252 1793 1286 52.

1090 1313 1108 1346 5
1124 1312 1228 1346 Junii
1251 1321 1259 1346 :
1279 1312 1317 1347 S.
1337 1312 1544 1358 Bonifacii‚
1569 1314 1744 1360 Episcopi
1763 1316 1796 1350 et

1309 1359 1502 1403 Martyris.

1019 1415 1159 1453 Videns
1175 1418 1284 1453 Jesus
1300 1417 1430 1453 turbas
1447 1417 1617 1454 ascendit
1632 1417 1672 1454 in
1693 1429 1796 1456 mon-

1066 1467 1157 1508 tem,
1177 1468 1247 1500 ete.
1269 1465 1404 1500 Matth.
1424 1467 1458 1500 5.
1482 1466 1522 1501 P.
1542 1465 1618 1510 I,‹:.
1639 1469 1699 1504 55.

1019 1543 1039 1576 7
1060 1528 1222 1573 Auyusti
1242 1541 1252 1563 .·
1280 1529 1318 1565 S.
1355 1529 1535 1574 Cajetani,
1558 1530 1793 1574 Confessoris.

1019 1591 1134 1626 Nemo
1154 1590 1278 1634 potest
1295 1587 1439 1624 duobus
1459 1587 1621 1625 dominis
1639 1589 1795 1635 servire,

1067 1639 1137 1672 etc.
1160 1636 1292 1672 Matth.
1315 1637 1348 1670 6.
1372 1635 1412 1671 P.
1435 1636 1463 1682 Ι,
1486 1646 1518 1672 c.
1545 1638 1604 1672 58.

1102 1702 1142 1736 18
1159 1700 1253 1736 Julii
1273 1710 1280 1735 :
1304 1701 1343 1736 S.
1364 1700 1512 1737 Camilli
1531 1701 1575 1737 de
1593 1702 1719 1748 Lellis,

1290 1748 1525 1791 confessoris.

1019 1807 1095 1859 Hoe
1119 1809 1176 1859 est
1195 1809 1423 1860 praeceptum
1449 1816 1575 1843 meum
1599 1810 1639 1843 ut
1657 1804 1791 1855 diliga-

1064 1856 1112 1889 tis
1148 1864 1311 1889 invicem
1350 1856 1461 1898 sicut,
1482 1856 1552 1890 etc.
1591 1856 1698 1892 Joan.
1737 1858 1794 1893 15.

1068 1902 1109 1937 P.
1130 1899 1181 1945 II,
1202 1911 1234 1936 C.
1255 1904 1313 1948 57.

1051 1966 1067 1982 *
1092 1968 1132 2002 15
1154 1966 1317 2011 Auyusti
1341 1977 1349 2003 :
1372 1967 1410 2003 S.
1435 1967 1615 2013 Cassiani,
1636 1968 1759 2015 Episo.

1287 2017 1321 2049 et
1339 2015 1530 2059 Martyris.

1019 2072 1110 2108 Cum
1125 2074 1399 2118 persequentur
1413 2082 1478 2108 vos
1495 2071 1535 2108 in
1548 2071 1697 2110 civitate
1708 2046 1794 2121 ista,

1067 2118 1198 2164 sugite,
1220 2123 1290 2155 ete.
1319 2120 1454 2156 Matth.
1484 2133 1538 2156 10.
1567 2120 1608 2157 P.
1629 2119 1661 2166 I,
1686 2131 1719 2159 c,
1736 2124 1795 2159 52.

1086 2186 1127 2219 25
1152 2183 1315 2220 Octobris
1338 2196 1348 2219 ε
1369 2185 1436 2221 SS.
1459 2184 1682 2229 chrysanthi
1698 2189 1733 2222 et

1218 2232 1351 2273 Dariae‚
1369 2233 1589 2276 Martyrum.

1016 2291 1089 2372 Veii)
1098 2288 1205 2373 vcibig
1219 2289 1284 2372 qig
1305 2289 1514 2337 aedificatis,
1536 2294 1609 2329 etc.
1627 2293 1715 2330 Luc.
1738 2307 1793 2330 11.

1093 2364 1132 2433 {5
1151 2353 1258 2431 Ϊῑὲιὲιῖι·
1274 2364 1293 2432 ε’
1307 2397 1373 2433 ss.
1397 2397 1615 2442 Crescentiae,
1641 2399 1722 2437 Viti

1170 2447 1203 2479 et
1222 2444 1394 2489 Modesti,
1415 2446 1638 2490 Martyrum.

1014 2501 1082 2545 Qui
1102 2512 1168 2538 vos
1188 2501 1292 2538 audit
1312 2513 1373 2539 me
1392 2503 1510 2549 audit,
1531 2506 1602 2543 etc.
1622 2505 1709 2544 Luc.
1737 2518 1791 2543 ιο.

1061 2550 1103 2585 Ρ.
1122 2549 1154 2594 Ι,
1177 2560 1208 2587 e.
1229 2552 1287 2586 58.

1083 2616 1103 2650 8
1122 2613 1286 2659 Auqusti
1307 2627 1317 2650 :
1338 2615 1406 2652 SS.
1430 2615 1588 2662 cyriaci,
1607 2618 1723 2664 Larqi

1145 2664 1179 2697 et
1197 2662 1409 2707 Smaraqdi,
1432 2664 1654 2709 Martyrum.

1009 2719 1149 2756 Euntes
1177 2719 1215 2756 in
1247 2721 1431 2758 mundum
1460 2722 1688 2771 universum,
1716 2727 1789 2762 ete.

1055 2768 1169 2804 Marc.
1197 2770 1250 2804 16.
1279 2768 1320 2804 Ρ.
1343 2769 1388 2814 11,
1413 2779 1445 2805 c.
1468 2772 1528 2806 82.
