1924 3157
525 139 574 174 lli]
613 141 794 181 TliltTlA,
835 140 876 174 lx
916 140 1133 174 szffioxli
1175 139 1349 175 nnlllxl.

113 204 150 244 in
186 219 295 246 eruce
332 209 502 246 allevari.
530 210 701 248 Peccavit
731 210 888 255 Pilatus,

112 265 180 292 nec
196 261 410 302 excusatur,
427 257 515 304 quia
536 269 620 295 cum
637 259 753 305 judex
774 261 887 301 esset,

111 303 366 340 tenebaturex
379 305 504 341 officio
520 316 671 343 servare
685 305 887 350 justitiam,

110 353 147 387 et
186 360 256 387 nec
293 351 429 388 timore
463 353 599 390 cedere
638 353 781 396 debuit,
819 364 889 388 nec

109 407 253 443 amore,
276 402 317 435 ut
355 400 496 436 faceret
529 404 661 436 contra
687 411 796 443 cam3
826 399 888 445 qui

110 445 141 481 si
173 447 329 482 omnino
363 447 559 490 voluisset,
597 458 709 494 quem
741 448 888 493 justum

110 494 434 537 pronuntiaverat,
458 499 491 530 et
515 494 661 541 eripere
689 494 887 541 potuisset.

111 539 235 576 Minus
256 545 383 577 tamen
406 543 574 588 peccavit
601 551 713 587 qnam
731 541 850 577 Judwi
876 553 882 578 :

113 586 247 623 institit
261 589 364 624 enim
380 595 562 634 quantum
582 590 765 635 potuit,ut
784 589 889 625 illum

113 645 157 670 ex
179 645 310 671 eorum
333 636 508 672 manibus
528 636 723 679 liberarem
747 641 781 671 ct
809 637 890 680 ojus

113 681 294 718 motivum
316 682 386 718 suit
407 682 534 719 minus
551 683 706 726 malum,
727 682 891 729 quiaJu-

111 728 183 765 daei
217 729 266 765 ad
301 729 551 766 occidendum
585 730 775 766 Christum
800 730 888 766 moti

112 779 200 812 sunt
223 787 288 822 per
305 787 506 814 rancorem
525 782 562 814 et
581 777 724 821 odium,
749 777 891 814 Pilatus

111 833 200 859 veri»
220 828 377 870 propter
397 826 573 861 timorem
598 825 757 862 Caesaris
778 829 815 861 et
838 826 890 861 fa-

110 880 240 907 vorem
259 871 490 908 Judaeorum.
522 871 581 909 Sic
602 883 692 918 ergo
719 872 772 908 eis
797 884 893 909 con-

111 917 242 963 sensit,
255 919 356 965 quia,
370 930 453 956 cum
467 920 616 963 effectu,
629 919 744 955 furori
759 931 892 957 eorum

110 964 283 1002 obviasse
306 966 426 1012 potuit
450 979 458 1003 ε
480 967 666 1003 consentit
689 967 805 1012 enim,
828 969 890 1014 qui

109 1022 195 1048 cum
216 1018 341 1059 potest
364 1025 539 1060 arguere,
561 1025 633 1050 non
652 1014 798 1060 arguit;
815 1026 890 1051 non

109 1060 300 1096 consensit
325 1064 451 1098 tamen
472 1073 656 1098 consensu
678 1062 803 1107 pleno,
826 1063 891 1098 scd

109 1111 254 1143 coacto.
279 1107 381 1144 Sicut
401 1113 528 1145 autem
549 1113 637 1145 tunc
659 1109 816 1154 Pilatus,
839 1111 890 1145 sic

109 1154 222 1191 hodie
248 1155 390 1192 faciunt
416 1156 522 1192 multi
556 1156 720 1201 judices,
754 1157 891 1193 timore

110 1203 168 1238 vel
190 1202 319 1239 favore
340 1213 362 1239 a
379 1203 537 1240 veritate
551 1203 683 1250 Judicii
699 1204 891 1240 declinan—

111 1252 180 1293 tes,
204 1254 242 1286 et
271 1250 459 1296 justitiam
484 1252 762 1287 subvertentes.
798 1253 889 1287 Ecce

111 1297 301 1343 quomodo
324 1298 657 1335 innocentissimus
686 1300 829 1345 Agnus,
853 1303 893 1335 ut

113 1349 151 1381 te
167 1355 190 1381 a
207 1344 350 1391 judicio
370 1350 406 1382 et
421 1346 705 1393 lamentoju-tae
719 1351 754 1383 et
776 1351 889 1383 zeter-

111 1402 171 1428 nae
190 1392 443 1430 damnationis
454 1394 631 1441 eriperet,
644 1393 785 1441 inJ'uste
806 1405 889 1440 pro-

114 1446 196 1486 pter
218 1443 254 1476 te
288 1440 434 1486 judicio
472 1441 643 1477 damnari
673 1443 883 1488 pra‘olcgit3

112 1497 198 1523 ecce
217 1498 300 1533 quae
319 1499 396 1524 non
413 1489 537 1535 rapuit
557 1499 624 1535 pro
644 1493 680 1525 te
700 1489 828 1533 soli-iu
853 1493 889 1525 et

111 1539 165 1578 tu,
187 1535 315 1571 anima
329 1546 412 1572 mea
432 1547 596 1583 nequam
613 1541 649 1572 et
667 1536 795 1583 impia,
819 1547 888 1573 nee

111 1582 321 1619 devotionis
359 1583 470 1619 solvis
500 1584 784 1630 pinguedinem,
821 1595 887 1620 nec

110 1630 385 1677 compassionis
400 1631 568 1667 refundis
584 1632 773 1668 affectum.
784 1632 888 1677 Cogi-

110 1680 149 1714 ta
163 1681 348 1724 quantum
368 1680 477 1714 amici
496 1680 577 1725 ejus
599 1679 886 1723 clamaverunt,

110 1725 260 1771 quando
278 1726 378 1762 illam
396 1726 623 1762 sententiam
645 1726 885 1763 audiverunt.

111 1772 183 1809 sed
205 1772 393 1810 maledicti
416 1774 583 1820 gaudent
613 1778 649 1810 ct
685 1774 887 1819 exsultant,

111 1820 409 1866 quodintcntum
428 1832 536 1857 suum
551 1832 711 1868 pravum
732 1822 887 1858 habent.

112 1867 263 1913 Rident,
295 1873 332 1905 et
366 1868 489 1910 illum,
524 1868 586 1915 qui
624 1873 677 1906 est
707 1880 818 1906 verus
854 1873 892 1906 ct

111 1919 276 1952 aeternus
291 1917 402 1969 Deus,
425 1916 612 1962 derident,
635 1921 671 1953 et
689 1917 769 1964 ejus
790 1928 890 1953 mor-

110 1966 187 1999 tem
201 1968 383 2008 quantum
401 1964 795 2011 possuntaccelerant‚
816 1976 891 2001 non

112 2010 385 2048 beneficiorum
412 2016 447 2048 ct
476 2022 635 2058 operum
657 2013 739 2059 ejus
760 2023 890 2048 recor-

111 2058 264 2103 dantur,
295 2070 418 2105 neque
447 2063 602 2105 propter
635 2059 890 2096 innocentiam

112 2105 230 2152 ipsius
255 2111 479 2150 merentum
506 2110 542 2143 et
569 2107 669 2153 quod
702 2107 892 2144 crudelius

112 2153 287 2198 videtur,
325 2165 400 2190 non
444 2157 599 2200 propter
630 2154 890 2196 at'liicti.›nem‚

111 2211 225 2247 quam
253 2201 291 2237 in
319 2212 363 2237 eo
390 2201 533 2245 vident,
561 2204 819 2239 retrahuntur.
849 2204 892 2238 Et

112 2248 165 2284 sic
198 2249 293 2285 hora
318 2249 433 2286 tertia
458 2249 657 2285 crucifixus
681 2254 736 2286 est
763 2250 891 2286 Domi-

112 2306 182 2332 nus
202 2296 343 2342 linguis
361 2297 605 2340 Judaeorum;
633 2302 790 2333 etsexta
810 2308 891 2334 ma-

114 2343 227 2380 nilius
247 2343 420 2380 militum.
440 2345 545 2381 Unde
563 2344 614 2381 ait
637 2347 889 2389 Auqzistinus:

113 2404 131 2425 «
160 2391 345 2435 Quoniam
373 2391 492 2428 Judaei
527 2392 674 2428 facinus
702 2393 891 2429 interfecti

110 2438 248 2476 Clu-isti
279 2449 299 2474 a
323 2450 377 2482 se,
408 2439 445 2475 in
478 2441 682 2483 Romanos,
712 2440 748 2476 id
770 2444 826 2476 est
853 2442 891 2476 in

112 2486 274 2523 Pilatum
294 2491 330 2522 et
351 2487 431 2531 cjus
453 2486 592 2523 milites
613 2487 813 2524 transferri
833 2498 890 2524 co-

111 2534 189 2570 nati
226 2538 327 2577 sunt,
364 2539 564 2581 propterea
603 2537 764 2579 Marcus,
795 2546 891 2581 sup-

112 2591 241 2628 pressa
264 2592 309 2617 ea
331 2582 423 2617 liora
451 2592 524 2628 qua
548 2582 720 2619 Christus
744 2593 766 2619 a
793 2583 891 2618 mili-

112 2630 213 2666 tibus
245 2629 446 2665 crueisixus
473 2633 544 2673 est,
581 2640 667 2675 quae
699 2630 759 2676 agi
788 2634 893 2667 sexta

108 2677 187 2721 jam
225 2680 405 2723 coeperat,
434 2676 584 2713 tertiam
608 2677 732 2723 potius
758 2678 893 2714 horam

114 2723 334 2761 recordatus
354 2725 553 2771 expressit,
574 2735 648 2771 qua
671 2725 766 2762 hora
785 2725 892 2762 intel-

115 2772 281 2817 liguntur
304 2772 404 2819 apud
438 2771 600 2808 Pilatum
629 2772 793 2810 clamare
823 2784 891 2820 po-

1712 136 1752 169 §5

967 211 1083 246 tuisse
1098 222 1105 246 :
1120 212 1309 257 Cruce’fiqe.
1323 212 1491 256 crucifigle
1502 220 1603 254 euim
1619 212 1660 244 ut
1675 218 1750 244 non

967 257 1018 293 illi
1060 261 1205 293 tantum
1243 259 1482 305 reperiantur
1517 255 1750 293 crucifixisse

964 307 1108 345 Jesum,
1131 305 1169 340 id
1193 310 1247 340 cst
1273 306 1424 350 milites,
1448 304 1511 350 qui
1533 314 1619 340 eum
1645 302 1750 348 ligno

965 353 1196 388 crucissexta
1207 353 1299 388 liora
1314 353 1606 399 suspenderunt,
1617 360 1749 387 verum

966 401 1079 435 etiam
1107 399 1243 439 Judai,
1281 400 1343 445 qui
1385 404 1423 435 ut
1458 398 1750 444 crucifigeretur

966 447 1061 482 liora
1076 447 1186 482 tertia
1201 446 1473 482 clamaverunt.
1492 461 1508 478 η
1529 448 1571 482 Et
1587 446 1747 482 iterum:

969 508 986 526 «
1011 495 1254 539 Apparitores
1291 493 1487 539 potcstatis
1520 494 1615 529 liora
1647 496 1752 528 sexta

965 543 1093 577 Jcsum
1119 540 1410 583 crucilixerunt;
1437 541 1754 587 prmvaricatores

934 604 935 608 ¹
968 588 1076 633 Legis
1098 589 1191 624 liora
1211 588 1323 623 tertia
1345 587 1620 623 clamaverunt.
1644 586 1753 631 Quod

966 635 1021 671 illi
1054 635 1245 679 manibus,
1281 636 1376 671 liora
1417 638 1542 677 sexta;
1581 635 1652 670 hoc
1692 633 1751 669 isti

967 683 1109 730 lingua,
1139 683 1233 719 liora
1271 682 1397 719 tertia.
1440 681 1506 718 Rei
1532 682 1652 727 magis
1675 680 1750 733 isti,

968 730 1032 776 qui
1061 731 1259 766 clamando
1290 729 1513 773 saeviebant,
1541 739 1654 775 quam
1682 728 1750 769 illi,

969 777 1031 824 qui
1051 777 1350 824 obtemperando
1368 776 1688 812 administrabant
1710 787 1721 827 1·
1733 789 1750 809 »

970 826 1051 861 lucc
1069 827 1314 869 Aussustz'nuS.
1335 824 1406 860 Alii
1427 823 1572 867 dicunt,
1592 822 1690 869 quod
1713 832 1750 857 in

970 874 1063 909 liora
1084 872 1195 909 tertia
1218 871 1399 909 Dominus
1419 873 1498 917 jam
1521 871 1749 907 condemna-

971 924 1030 956 tus
1057 920 1118 964 sit,
1139 924 1175 956 et
1196 919 1234 955 in
1259 920 1353 956 liora
1373 918 1487 955 tertia
1509 919 1673 970 increpta
1693 920 1751 970 e'st

970 967 1164 1003 crucifixio
1197 968 1298 1013 cjus;
1334 970 1382 1010 et,
1412 966 1605 1011 occupatis
1628 975 1682 1000 cis
1711 975 1748 999 in

969 1015 1225 1058 crucifixione,
1252 1014 1357 1050 fluxit
1385 1018 1534 1060 tempus
1557 1023 1675 1065 usque
1701 1011 1749 1065 ad

969 1066 1126 1107 sextam,
1161 1066 1197 1098 ct
1224 1062 1261 1097 in
1297 1063 1392 1098 liora
1419 1065 1524 1097 sexta
1555 1059 1748 1111 crucifixi-o

969 1109 1040 1146 suit
1060 1112 1318 1146 consummata
1341 1120 1348 1144 :
1371 1112 1406 1144 et
1431 1108 1516 1144 ideo
1538 1108 1635 1153 quod
1656 1106 1748 1142 dici-

968 1161 1030 1193 tur
1047 1157 1093 1193 de
1115 1157 1240 1201 tertia,
1257 1166 1389 1193 verum
1407 1159 1462 1192 est
1475 1156 1521 1191 de
1539 1153 1751 1191 crucifixis.-

970 1205 1028 1241 nis
1055 1204 1269 1251 priiicipi‹›;
1309 1207 1346 1239 et
1384 1203 1486 1249 quod
1526 1201 1666 1238 dicitur
1704 1200 1750 1236 de

969 1256 1087 1296 sexta,
1135 1251 1360 1297 intelligitur
1397 1250 1444 1286 de
1494 1248 1751 1286 crucifixionis

969 1299 1309 1342 consummatione,
1326 1298 1534 1334 secundum
1550 1296 1749 1339 veritatem

967 1348 1104 1393 poterit
1123 1357 1206 1383 esse
1223 1345 1474 1382 meditullium
1500 1346 1696 1396 limarum,
1713 1346 1750 1379 et

966 1396 1061 1431 hora
1080 1394 1204 1430 media
1227 1394 1326 1429 inter
1345 1398 1489 1429 sextam
1509 1395 1546 1428 et
1565 1395 1717 1427 tertiam
1739 1401 1747 1425 ε

965 1442 1099 1489 etquia
1122 1441 1286 1478 medium
1303 1440 1572 1476 denominatur
1586 1439 1633 1474 ab
1645 1444 1747 1490 utro-

965 1501 1037 1537 que
1061 1494 1333 1531 extremorum,
1365 1488 1448 1523 ideo
1475 1489 1522 1523 ab
1547 1486 1744 1538 Evangeli-

964 1539 1031 1574 stis
1070 1537 1297 1582 quandoque
1322 1535 1460 1571 dicitur
1496 1534 1610 1570 tertia
1630 1561 1639 1577 ‚
1677 1532 1745 1585 ali-

964 1585 1115 1631 quando
1136 1584 1274 1620 dicitur
1295 1587 1411 1618 sexta.
1443 1582 1547 1618 Unde
1572 1581 1684 1633 etiam
1707 1591 1745 1615 in

963 1633 1112 1677 signum
1138 1632 1250 1677 liujus
1293 1631 1452 1666 ecclesia
1480 1631 1746 1680 communiter,

962 1680 1061 1716 inter
1081 1678 1231 1715 tertiam
1253 1681 1289 1714 et
1307 1681 1449 1714 sextam
1476 1677 1642 1712 celebrat
1663 1685 1748 1710 mis-

963 1738 1024 1763 sas
1050 1727 1255 1765 solemnes,
1284 1724 1372 1771 quia
1396 1724 1521 1760 missa}
1543 1724 1582 1759 in
1603 1732 1748 1759 memo-

964 1775 1060 1811 riam
1081 1774 1322 1811 celebrantur
1342 1771 1549 1809 Passionis.

1014 1836 1056 1859 ρο
1079 1823 1325 1858 DOCL'MENTL'M
1346 1832 1391 1856 nx
1419 1822 1566 1857 Cuiusn
1589 1829 1748 1854 comi-:ii-

964 1882 1134 1911 xxsioxiz,
1152 1881 1262 1906 acres
1277 1878 1588 1905 εοκι-Ὁῐωᾼτιοκιε
1602 1878 1643 1902 ετ
1663 1877 1748 1901 oux-

965 1930 1036 1954 no.
1063 1938 1105 1944 -
1126 1919 1167 1953 Et
1187 1918 1257 1953 lioc
1277 1915 1435 1953 articulo
1463 1912 1750 1966 condemnatio-

965 1966 1023 2002 nis
1040 1964 1237 2001 Christiad
1254 1968 1413 2000 mortem
1432 1973 1500 2010 per
1520 1965 1748 1998 sententiam

964 2013 1127 2049 trahitur
1148 2013 1433 2055 documentum,
1455 2010 1556 2056 quod
1580 2020 1649 2046 nos
1679 2019 1749 2062 ca·-

963 2071 1118 2097 xeamus
1157 2071 1203 2096 ne
1240 2070 1419 2105 umquam
1448 2059 1590 2105 justam
1616 2060 1750 2092 mortis

964 2107 1190 2145 sententiam
1228 2109 1366 2143 animm
1393 2106 1449 2142 vel
1472 2104 1642 2152 corporis
1668 2113 1747 2139 me-

964 2167 1130 2192 reamur.
1160 2157 1268 2199 Item,
1291 2154 1384 2191 sicut
1418 2154 1591 2190 Salvator
1616 2155 1749 2188 noster

964 2203 1140 2239 sustinuit
1170 2213 1237 2249 pro
1265 2202 1372 2239 nobis
1404 2200 1588 2253 iniquam,
1613 2200 1660 2235 ab
1684 2200 1748 2252 ho-

966 2253 1081 2294 mine,
1097 2255 1229 2287 contra
1247 2261 1286 2285 se
1308 2248 1396 2285 t'crri
1417 2252 1669 2290 sententiam3
1693 2257 1748 2282 sic

963 2303 999 2334 ct
1027 2309 1094 2335 nos
1114 2309 1181 2345 pro
1208 2299 1283 2334 Deo
1302 2307 1436 2333 curare
1464 2307 1541 2332 non
1562 2295 1746 2331 debemus

963 2346 1093 2392 iniqua
1122 2345 1319 2381 hominum
1347 2343 1503 2390 judicia.
1526 2343 1632 2379 Unde
1652 2344 1748 2388 Apo-

929 2410 932 2415 ·
963 2394 1078 2429 stolus
1105 2393 1154 2429 ad
1180 2391 1396 2429 Corinthios
1409 2391 1608 2428 scribens:
1637 2391 1746 2432 Mihi,

965 2441 1099 2487 inquit,
1120 2452 1186 2487 pro
1206 2442 1356 2475 minimo
1377 2443 1443 2484 est,
1464 2442 1504 2475 ut
1527 2450 1549 2474 a
1569 2438 1673 2473 vobis
1688 2438 1749 2482 ju-

964 2490 1076 2531 dicer,
1099 2491 1164 2523 aut
1185 2489 1232 2523 ab
1254 2489 1410 2523 Ιιιιηιαηο
1426 2488 1498 2523 die.
1519 2505 1562 2511 —
1586 2486 1642 2521 Ad
1661 2495 1750 2521 con-

964 2535 1205 2572 formandum
1247 2545 1286 2571 se
1326 2534 1414 2571 hnic
1450 2533 1628 2576 articulo,
1670 2535 1752 2568 oret

964 2584 1092 2626 homo,
1115 2582 1276 2619 dicendo
1297 2594 1305 2618 z
1328 2584 1427 2625 Jesu,
1447 2583 1513 2627 qni
1533 2582 1754 2617 sententium

930 2627 933 2678 f
965 2632 1280 2667 condemnationis
1309 2630 1358 2666 ad
1390 2633 1562 2669 mortem,
1604 2631 1752 2663 mortem

964 2683 1085 2714 autem
1103 2680 1235 2723 crucis,
1258 2680 1469 2714 innocenter
1488 2677 1613 2713 subire
1632 2676 1752 2711 volui-

964 2728 1027 2770 sti,
1048 2728 1111 2770 fac
1131 2736 1186 2761 me
1201 2726 1344 2771 justam
1364 2726 1494 2761 mortis
1521 2725 1751 2759 sententiam.

964 2776 1041 2810 sire
1079 2775 1117 2809 in
1154 2784 1315 2820 corpore,
1356 2775 1432 2810 sire
1458 2774 1497 2808 in
1529 2772 1652 2806 anima
1680 2778 1750 2804 non
