1924 3157
445 144 493 178 DE
533 144 899 178 RESl'RllECTlONE
940 143 1099 178 lliNl

67 222 180 260 quam
195 212 306 249 nobis
319 212 460 250 tribuat
477 213 657 250 Dominus
670 211 839 250 Christus

67 259 294 306 adjuvando,
313 261 401 306 quia
415 260 500 296 vicit
520 260 556 297 in
571 259 678 297 nobis
698 259 839 307 patien-

69 308 130 351 do,
155 310 194 343 ut
226 306 338 353 digno
361 308 528 344 carmine
565 308 840 354 triumphemus

68 357 264 392 cantantes
283 366 290 391 :
309 356 555 401 Absarpmest
571 367 665 391 mors
682 357 718 391 in
734 357 841 391 ricto·

68 404 140 442 ria.
165 403 331 438 alleluiu.
369 403 529 449 Ignitum
563 402 699 449 quippe
738 412 840 438 rom·

69 450 214 496 phaeam
257 450 372 492 illam,
406 454 442 487 et
468 450 631 497 paradisi
663 451 758 496 J'anu
774 460 839 493 im,

70 507 183 543 quam
199 497 324 534 nullus
334 498 537 544 elsi-ingere
554 497 686 544 potuit,
698 498 765 533 liat:
781 496 840 532 (lie

71 544 240 582 Christus
266 556 350 581 cum
383 546 529 582 latrone
561 548 753 587 reseravit,
781 543 840 580 di-

72 603 159 629 cens
172 592 219 629 ad
235 593 398 639 Angelos
416 604 423 629 z
442 594 595 639 Aperite
612 593 703 628 mihi
718 595 843 637 vporcas

68 641 240 685 Justitt'ae,
256 645 289 676 et
306 643 490 685 inat-assus
511 642 551 676 in
570 651 631 675 etis
651 639 844 684 confitebor

76 689 237 724 Domino.
275 689 324 724 Ex
355 688 419 724 illo
450 687 627 723 nimIrum
660 690 841 733 tempore,

75 746 147 781 quo
169 745 301 782 passus
322 740 376 772 est
395 734 577 772 Dominus
592 735 715 778 Jesus,
737 738 847 780 porta

74 783 154 819 baec
177 788 214 818 et
233 782 360 819 clausa
377 786 413 819 et
432 785 599 819 reserata
616 785 694 819 est:
717 781 845 817 clausa

73 830 226 876 quidem
260 830 467 866 incredulis
493 835 529 866 et
566 829 843 876 peccatoribus,

75 881 242 914 reserata
266 888 356 914 vero
373 877 486 924 Juslis
521 881 558 913 et
589 876 843 914 credentibus.

73 925 271 969 Quomodo
293 927 412 962 Mater
436 924 582 961 Domini
603 926 707 970 virgo
729 924 847 960 Maria

73 972 174 1009 inter
216 983 350 1009 omues
378 972 554 1009 mulieres
594 972 847 1017 principatum

75 1022 198 1063 tenet;
218 1020 271 1056 ita
297 1023 334 1056 et
352 1020 451 1056 inter
487 1024 633 1057 ceteros
655 1022 735 1056 (lies
769 1020 849 1055 hiet:

75 1067 246 1103 omnium
274 1073 395 1104 mater
408 1071 475 1104 est..
500 1069 585 1104 Haec
603 1067 684 1103 dies
706 1071 763 1103 est
777 1077 850 1102 uua

75 1115 121 1151 de
144 1119 302 1160 septem,
325 1119 361 1151 et
381 1119 486 1151 extra
506 1120 662 1161 septem.
688 1116 774 1150 flaeu
795 1117 851 1150 est

75 1161 170 1205 dies,
195 1172 278 1208 quae
303 1162 514 1209 appellatur
528 1166 671 1205 octava,
694 1162 793 1198 unde
814 1164 851 1198 et

76 1208 356 1255 inquibusdam
386 1210 613 1256 psalmorum
646 1208 764 1245 titulis
786 1220 848 1245 su-

77 1256 336 1301 perscribitur:
359 1260 427 1294 Pro
445 1259 678 1293 octat-(afflue
690 1266 745 1292 est
757 1256 849 1302 dies,

76 1305 115 1342 in
134 1315 211 1351 qua
237 1315 432 1352 synagoga
458 1305 602 1348 finitur,
629 1308 666 1341 et
687 1303 853 1341 Ecclesia

79 1352 263 1390 nascitur.
288 1354 376 1389 Haec
396 1357 452 1390 est
475 1353 556 1389 dies
593 1353 629 1388 in
655 1353 762 1398 cujus
782 1363 851 1388 nu-

79 1410 186 1438 mero
217 1404 303 1437 octo
339 1400 477 1437 animae
504 1404 662 1436 servatae
686 1403 775 1435 sunt
812 1399 851 1435 iu

78 1459 165 1484 arra
191 1448 281 1484 Noe.
306 1449 349 1484 Et
383 1447 472 1494 quid
509 1447 600 1483 milii
625 1458 777 1483 nece-sse
798 1450 855 1483 est

79 1495 228 1532 infinita
241 1495 426 1542 replicare
439 1496 457 1532 ’ἲ
473 1495 558 1531 Dies
573 1495 662 1531 mihi
688 1494 852 1539 deficiet,

79 1543 110 1579 si
132 1544 285 1580 voluero
307 1554 419 1579 omne
440 1542 513 1579 diei
542 1542 646 1579 istius
667 1553 854 1588 exponere

79 1594 372 1627 sacramentum.
393 1592 468 1627 Hoc
487 1590 739 1631 tantumdico,
753 1590 854 1636 quod

79 1637 256 1675 universa
278 1639 425 1675 sabbati
452 1637 589 1684 gratia,
630 1641 666 1674 et
699 1639 856 1683 antiqua

79 1685 144 1722 illa
164 1685 347 1723 festivitas
372 1685 497 1732 populi
533 1685 751 1722 Judae‹·r11m
779 1685 854 1721 diei

80 1733 187 1770 istius
218 1733 459 1770 solemnitate
487 1733 667 1769 mandata
699 1736 768 1769 est.
797 1733 854 1768 llli

80 1782 116 1817 in
134 1781 292 1818 sabbato
323 1792 396 1817 non
436 1781 623 1817 faciebant
649 1791 742 1826 opus
776 1791 853 1816 ser-

78 1828 170 1872 vile;
200 1839 270 1865 nos
294 1828 333 1865 iu
356 1828 416 1865 die
439 1828 656 1872 nuniuico,
687 1829 755 1863 linc
781 1833 850 1870 est,

78 1876 118 1912 in
143 1876 202 1913 die
242 1876 544 1913 Resurrectionis
583 1886 679 1922 opus
720 1875 856 1911 servile

78 1934 152 1960 nou
173 1923 341 1961 facimus.
362 1924 416 1960 Illi
430 1924 476 1961 de
491 1923 668 1960 domibus
682 1924 758 1959 suis
782 1934 855 1959 non

77 1972 390 2018 egrediebantur;
410 1977 447 2008 et
465 1982 534 2007 nos
549 1971 596 2007 de
617 1972 728 2007 domo
751 1970 855 2007 Chri-

79 2019 105 2055 ti
140 2030 216 2055 non
253 2020 508 2066 egrediamur.
533 2018 588 2054 Illi
617 2029 693 2054 non
725 2028 855 2054 accen-

80 2067 221 2104 debant
240 2066 367 2113 ignem
387 2066 426 2102 in
452 2066 512 2103 die
539 2067 708 2110 sabbati3
739 2076 808 2102 nos
834 2077 855 2102 e

79 2114 269 2150 contrario
281 2114 531 2150 accendamus
550 2113 587 2149 in
605 2113 711 2149 nobi<
729 2113 855 2159 ignem

80 2161 242 2208 Spiritus
262 2161 403 2206 Sancti,
428 2162 474 2198 de
501 2172 574 2207 quo
599 2161 686 2207 igne
721 2160 855 2197 Domi—

83 2221 152 2247 nus
162 2209 215 2247 ait
231 2221 240 2246 :
254 2212 377 2254 Ignem
393 2212 476 2245 veni
491 2211 633 2245 mittere
648 2211 686 2245 in
704 2212 853 2251 terram,

79 2261 112 2293 et
133 2259 225 2304 quid
245 2259 338 2296 υοΙο,
358 2259 433 2293 nisi
451 2261 491 2293 ut
507 2257 728 2293 accendatur
744 2258 762 2292 ?
786 2257 854 2293 De-

78 2306 219 2342 siderat
238 2305 422 2342 Dominus
436 2306 550 2341 istum
571 2304 696 2349 ignem
718 2304 853 2341 ardere

80 2355 118 2390 in
139 2353 269 2397 nobis;
291 2352 472 2399 Spiritum
490 2354 668 2389 Sanctum
690 2352 852 2398 fervere,

78 2405 119 2438 ut
140 2411 215 2437 non
252 2400 472 2447 refrigescat
503 2400 642 2436 caritas
675 2399 754 2436 Dei.
777 2399 853 2436 Illis

77 2459 199 2495 agnus
219 2452 282 2485 aut
302 2448 442 2492 hircus,
467 2447 577 2484 nobis
597 2447 768 2484 Christus
788 2458 850 2483 oc-

78 2496 230 2533 ciditur.
256 2497 327 2532 Pro
349 2496 488 2543 quibus
508 2494 694 2532 universis
715 2495 850 2531 fratres

78 2554 246 2581 consona
265 2555 356 2580 voce
369 2543 510 2590 pariter
531 2546 746 2579 cantemus:
769 2545 851 2579 Haee

77 2594 154 2629 dies
175 2603 285 2638 quum
300 2593 389 2635 fecit
409 2593 582 2627 Dominus
600 2602 610 2635 ;
629 2593 851 2626 eoesultcmus

77 2644 110 2677 et
131 2641 292 2676 laetemur
316 2641 355 2675 in
378 2650 446 2675 ea:
469 2652 486 2673 »
511 2639 590 2674 liaec
603 2639 849 2682 Anquscinus.

125 2688 146 2720 6
166 2688 243 2724 Vox
258 2698 433 2723 ALLELUlA
450 2698 534 2727 Quin
554 2697 748 2721 SlGNlFlCET
767 2685 785 2721 ?
811 2707 844 2712 ω

79 2736 180 2773 Idem
200 2745 287 2772 vero
313 2736 546 2779 Augustinus
567 2733 613 2769 de
636 2743 726 2770 voce
751 2734 849 2769 alte-

79 2785 157 2820 luia
177 2787 346 2830 tempore
367 2781 507 2829 pascali
522 2781 732 2828 praesertim
749 2791 850 2817 usur-

1139 146 1309 179 NOS'l'lll.
1644 151 1699 182 275

912 212 999 265 pari·
1021 213 1132 250 solita
1159 214 1212 251 sic
1231 215 1283 251 ait
1306 230 1313 253 :
1339 230 1358 249 α
1386 216 1480 253 Hinc
1499 228 1590 264 ergo
1615 223 1691 256 eta

914 259 1022 295 uobis
1048 262 1200 298 alleluia
1225 263 1459 306 decantetur,
1483 265 1583 310 quod
1607 267 1684 303 La-

914 308 989 342 tine
1010 308 1159 343 lrcwlrtce
1181 312 1371 347 Dominum
1399 310 1684 358 interpretatur.

916 354 1124 390 Laudemus
1156 357 1369 402 Dominum,
1407 359 1557 404 fratres,
1595 360 1685 406 vita,

915 401 1055 447 lingua,
1079 403 1191 438 corde
1215 408 1251 439 et
1270 415 1350 447 ore,
1375 407 1528 444 vocibus
1548 411 1585 445 et
1607 420 1689 446 mo·-

915 449 1032 486 ribus.
1060 450 1119 486 Sic
1145 451 1247 486 enim
1285 451 1355 487 sibi
1383 454 1453 488 dici
1481 455 1559 491 vult
1592 458 1690 494 Deus

914 496 1078 540 alleluia,
1100 500 1221 533 utnon
1235 497 1330 534 sitin
1353 500 1532 539 laudante
1549 503 1690 541 discor-

916 543 989 580 dia.
1011 547 1039 581 t)
1063 544 1147 581 l‘elix
1162 545 1312 582 alleluia
1333 545 1371 582 in
1387 549 1494 592 melo,
1514 550 1576 586 ubi
1600 555 1691 588 tem-

915 591 1017 638 plum
1037 591 1102 628 Dei
1130 595 1218 628 sunt
1234 593 1365 638 Aug-di
1387 594 1394 630 Ι
1416 595 1468 632 lbi
1490 596 1589 634 enim
1605 610 1694 636 con-

917 638 1046 676 cordia
1057 649 1204 676 summa
1228 640 1478 680 laudantium.
1500 644 1562 681 ubi
1591 646 1693 684 nulla

916 686 973 722 lex
994 685 1033 723 in
1054 688 1233 724 membris
1249 690 1518 736 repugnatlegi
1540 693 1692 738 mentis,

918 733 1080 787 ubi-non
1111 738 1167 771 est
1200 734 1280 772 rixa
1300 736 1532 783 cupiditatis,
1556 739 1591 775 in
1621 751 1696 786 qua

919 781 1152 827 perichtetur
1173 782 1329 820 victoria
1348 784 1530 822 caritatis.
1550 787 1616 823 Hic
1635 798 1698 824 er-

918 840 964 873 go
975 829 1127 866 alleluia
1144 835 1357 873 cantemus,
1379 832 1503 869 adhue
1521 834 1693 880 solliciti;

922 881 958 912 ut
984 877 1060 930 illic
1095 877 1279 922 possimus
1314 879 1521 925 aliquando
1543 886 1697 920 cantare

921 935 1058 969 secur1,
1081 925 1234 970 quando
1271 926 1416 964 scilicet
1436 929 1506 965 boc
1537 930 1697 968 mortale

922 982 1072 1018 corpus,
1100 972 1316 1010 immortale
1344 978 1381 1011 et
1410 974 1699 1023 incorruptibile

922 1020 1061 1072 fact-um·
1089 1020 1201 1056 suerit
1223 1032 1231 1064 ;
1258 1022 1408 1067 quando
1445 1026 1522 1060 tota
1544 1025 1700 1063 tentatio

922 1072 1092 1113 perierit.
1115 1068 1143 1105 O
1167 1068 1251 1104 l'elix
1286 1068 1366 1105 illie
1394 1070 1558 1115 alleluia,
1581 1083 1602 1109 0
1626 1073 1702 1110 vita

924 1125 1072 1158 secura,
1093 1126 1114 1150 ο
1146 1115 1227 1152 sine
1248 1116 1483 1162 adversario,
1506 1130 1527 1155 o
1549 1120 1610 1156 ubi
1635 1131 1702 1158 ne-

926 1172 985 1198 mo
998 1161 1070 1198 erit
1088 1161 1277 1208 iuimicus,
1294 1174 1403 1200 nemo
1422 1165 1519 1211 perit
1536 1166 1699 1205 amicus!

926 1209 978 1246 Ibi
1001 1208 1133 1246 laudes
1169 1211 1259 1254 Deo,
1282 1215 1319 1247 et
1341 1211 1401 1248 hic
1437 1212 1568 1250 laudes
1597 1216 1672 1252 Deo
1693 1227 1701 1251 :

925 1257 990 1293 sed
1010 1257 1126 1309 haeea
1141 1257 1326 1303 sollicitis,
1343 1258 1393 1296 ibi
1413 1270 1436 1296 a
1456 1261 1619 1307 securis;
1643 1263 1704 1300 hic

925 1315 947 1358 a
961 1304 1169 1358 morituris,
1186 1305 1236 1343 ibi
1252 1317 1274 1343 a
1287 1317 1438 1354 semper
1452 1307 1606 1346 victuris
1620 1322 1628 1354 ;
1643 1310 1704 1348 hic

926 1363 965 1388 m
988 1362 1067 1397 spe,
1090 1352 1141 1388 ibi
1165 1352 1203 1389 in
1242 1364 1301 1398 re;
1328 1354 1389 1391 hic
1414 1354 1453 1391 in
1479 1356 1551 1401 via,
1588 1357 1641 1394 ibi
1664 1358 1705 1395 in

926 1400 1062 1446 patria.
1088 1401 1197 1436 Modo
1224 1412 1326 1447 ergo,
1353 1402 1489 1439 fratres
1512 1404 1601 1450 mei,
1618 1417 1705 1443 ean-

927 1452 1066 1491 temus,
1084 1458 1159 1484 nou
1173 1448 1220 1484 ad
1235 1448 1526 1487 delectationem
1545 1453 1702 1500 quietis3
1735 1466 1738 1473 ¹

928 1495 995 1531 sed
1007 1495 1054 1532 ad
1070 1495 1247 1532 solatium
1263 1496 1418 1534 laboris.
1435 1499 1630 1542 Quomodo
1645 1512 1703 1538 so-

929 1543 1008 1578 lent
1037 1542 1200 1579 viatores
1234 1548 1400 1582 cantare.
1431 1548 1484 1590 tu,
1519 1552 1630 1585 canta
1665 1551 1702 1586 et

928 1590 1094 1632 ambula,
1116 1594 1154 1626 et
1174 1593 1360 1628 cantando
1381 1593 1550 1631 laborem
1569 1606 1703 1633 conso-

930 1638 1021 1676 lare.
1050 1637 1246 1684 Pigritiam
1268 1638 1345 1675 noli
1367 1650 1515 1686 amare;
1539 1643 1605 1679 sed
1626 1654 1703 1680 am-

929 1685 1031 1729 bula,
1059 1689 1095 1722 et
1123 1685 1161 1721 in
1197 1687 1297 1723 bono
1325 1688 1482 1733 profice.
1521 1690 1638 1728 Canta
1664 1694 1700 1728 et

929 1733 1082 1769 ambula
1101 1745 1107 1776 ς
1128 1733 1203 1769 noli
1218 1744 1360 1778 errare,
1374 1735 1451 1771 noli
1471 1738 1609 1781 redire,
1626 1739 1702 1775 nuli

928 1791 1153 1817 remanere:
1180 1794 1196 1813 ι)
1224 1782 1304 1818 haec
1323 1782 1569 1826 Aug-lustinus.
1595 1787 1702 1823 Unde

928 1831 964 1864 et
983 1828 1106 1864 Beda.-
1130 1842 1148 1862 «
1172 1829 1214 1864 Et
1238 1829 1418 1875 quoniam
1442 1831 1505 1868 illa
1528 1833 1601 1869 vita
1624 1838 1703 1871 tota

927 1875 975 1928 in·
987 1875 1053 1912 Dei
1072 1875 1181 1913 laude
1193 1878 1350 1922 geritur,
1367 1880 1602 1917 cessantibus
1617 1892 1704 1918 cun-

928 1926 998 1959 ctls
1019 1922 1276 1969 languoribus,
1299 1925 1433 1962 merito
1452 1927 1705 1975 quinquagin-

928 1974 966 2007 ta
990 1970 1122 2007 diet=us
1140 1970 1178 2006 in
1200 1973 1422 2009 memoriam
1432 1974 1544 2021 hujus
1564 1981 1704 2014 nostrae

929 2017 1175 2064 quietissimae
1201 2030 1245 2056 ae
1285 2019 1510 2059 felicissimae
1543 2023 1702 2061 actionis

928 2066 1098 2103 crebrius
1135 2077 1178 2102 ac
1204 2066 1373 2104 festivius
1393 2069 1546 2107 alleluia
1566 2082 1704 2110 canere

929 2113 1119 2150 solemus:
1148 2115 1301 2151 alleluia
1338 2127 1501 2163 namque
1522 2120 1704 2157 Hebraeus

929 2172 1053 2198 sermo
1075 2166 1146 2206 est,
1178 2167 1214 2198 et
1246 2162 1519 2210 interpretatur
1540 2166 1670 2204 Latine
1694 2179 1702 2204 :

929 2210 1079 2245 laudate
1098 2212 1304 2247 Dominum.
1325 2213 1365 2247 In
1388 2212 1549 2249 Psalmis
1563 2215 1703 2261 itaque,

927 2256 1068 2294 ubinos
1087 2257 1279 2294 canimus:
1297 2259 1463 2296 Laudate
1480 2261 1699 2310 Dominum,

927 2315 995 2351 pro
1014 2305 1084 2341 hoc
1105 2308 1218 2341 verbo
1236 2306 1335 2352 apud
1354 2308 1533 2345 Hebraeos
1551 2320 1702 2355 semper

927 2353 1076 2388 canitur
1092 2364 1111 2406 z·
1126 2353 1299 2392 Alleluia.
1331 2356 1432 2400 quod
1462 2357 1704 2404 Evangelista

924 2402 1141 2436 Joannesm
1159 2401 1387 2448 Apocalypsi
1407 2413 1477 2441 sua
1491 2405 1703 2444 coelestium

925 2449 1077 2500 agmina
1099 2448 1279 2485 virtutum
1303 2449 1450 2487 cantica
1477 2463 1516 2489 se
1551 2453 1706 2491 audisse

927 2496 1110 2548 perhibet.
1128 2496 1199 2532 Sed
1215 2500 1253 2533 et
1271 2498 1497 2545 venerabilis
1514 2505 1620 2547 pater
1633 2504 1704 2539 To-

925 2544 1019 2596 bias,
1059 2543 1272 2590 intelligens
1301 2545 1424 2590 qualis
1455 2558 1707 2591 supernorum

925 2592 1059 2627 civium
1074 2591 1208 2637 gloria,
1219 2597 1361 2638 quanta
1372 2593 1706 2640 ipsiusJerusalem

925 2638 1087 2674 coelestis
1106 2638 1153 2674 sit
1167 2639 1333 2685 claritas,
1349 2642 1429 2678 baec
1450 2643 1604 2689 mystica
1619 2656 1708 2682 voce

925 2686 1074 2722 dicebat
1097 2697 1104 2721 :
1125 2688 1184 2722 Ex
1199 2688 1324 2734 lapide
1341 2690 1499 2726 candido
1519 2697 1553 2728 et
1573 2694 1707 2729 mundo

924 2744 1044 2787 omnes
1058 2734 1188 2780 plateae
1202 2735 1281 2781 ejus
1294 2740 1515 2782 sternentur,
1531 2744 1565 2775 et
1579 2751 1644 2786 per
1657 2743 1710 2777 vi—

925 2792 981 2817 cos
996 2792 1074 2826 eJus
1088 2782 1240 2819 alleluia
1255 2785 1488 2822 cantabitur:
1503 2787 1584 2823 haec
1597 2788 1707 2825 Beda.
