1924 3157
166 168 208 204 90

169 240 312 287 Lybiae‚
330 243 471 286 patrem
495 240 703 276 Alemandri
722 243 756 276 et
776 243 872 287 Rufi,
893 241 945 278 di-

168 287 397 334 scipulorum
428 286 591 332 Domini,
617 288 661 324 cle
685 289 778 324 villa
799 291 944 324 venien-

171 339 255 378 tem,
275 338 311 370 et
330 335 377 370 ad
395 333 584 370 civitatem
604 335 727 371 eundo
749 335 802 371 eis
821 347 947 372 occur-

172 387 332 425 rentem,
357 385 391 417 et
415 384 713 427 angariaverunt,
740 387 780 419 ut
806 385 947 419 tolleret

172 439 310 465 crucem
328 429 419 473 eJ'us,
437 428 577 465 scilicet
596 431 717 473 Jesus,
739 434 824 476 post
843 441 943 473 eum,

170 487 289 521 usquo
325 476 373 511 ad
408 475 662 513 crucifixionis
693 477 829 513 locum.
871 479 945 513 Hoc

170 528 299 558 autem
317 533 392 558 non
414 523 585 559 fecerunt
604 534 647 560 ex
682 524 943 570 compassione

168 570 215 605 ad
242 569 444 614 Christum,
468 570 533 607 sed
553 575 593 607 ut
613 571 723 607 citius
742 571 947 607 duceretur

625 170 830 205 SECUNDAE
866 170 1020 207 PARTIS
1057 167 1192 203 CAPUT
1229 165 1328 201 LXII

1018 239 1174 276 verbum
1211 234 1332 272 crucis
1366 234 1593 281 rejecerunt,
1620 236 1720 282 quod
1741 234 1792 272 si-

1019 287 1172 333 gnificat
1203 281 1370 328 angaria.
1396 284 1478 329 Ipse
1504 294 1594 329 ergo
1621 283 1792 321 Christus

1018 333 1160 379 primus
1183 329 1395 376 passionem
1426 330 1546 366 crucis
1583 330 1760 367 sustinuit
1781 341 1790 374 3

1018 384 1055 416 et
1075 377 1311 424 postmodum
1323 375 1400 420 alii,
1414 380 1451 412 et
1466 378 1624 413 maxime
1638 378 1792 414 advenae

984 439 985 473 3
1019 426 1198 467 Gentiles,
1240 434 1326 460 eum
1366 423 1563 460 imitando.
1602 424 1794 471 Sapientia

1019 474 1118 510 enim
1137 471 1263 508 divina
1282 469 1482 515 ordinavit,
1507 474 1547 507 ut
1566 470 1645 517 ipse
1666 472 1792 508 Domi-

1021 532 1091 557 nus
1115 529 1264 556 crucem
1298 517 1420 564 primo
1446 521 1627 564 portaret,
1649 523 1687 554 et
1705 529 1793 564 por-

982 570 983 574 ’
1019 568 1135 604 tando
1178 565 1288 602 nobis
1328 565 1554 611 portandam
1593 565 1794 611 praeberet.

169 617 217 653 ad
249 617 549 664 crucifigendum
575 629 584 661 ;
614 617 719 662 item,
755 622 797 655 ut
817 623 945 654 osten·
982 614 985 658 ἐ

170 664 306 700 derent
339 674 426 700 eum
462 675 543 701 esse
575 665 768 701 hominem
803 666 947 710 fatiga—

170 715 248 747 tum
275 716 312 747 et
329 711 537 757 infirmum,
563 716 599 748 et
621 712 673 748 sie
704 723 780 748 non
815 713 946 748 crede-

169 764 278 794 retur
309 758 375 795 Dei
391 758 514 795 Filius.
544 760 587 794 L't
621 763 748 795 autem
768 759 819 795 ait
837 760 947 804 Chry-

171 810 360 845 sostomus,
388 806 511 842 nullus
534 806 693 842 aliorum
728 808 947 852 acceptabat

171 863 318 888 crucem
340 853 523 898 bajulare,
543 864 586 889 eo
606 853 863 899 quodlignum
881 855 944 889 ‹le-

168 899 342 935 testabile
376 901 594 946 putabatur,
629 905 665 936 ct
684 900 768 936 ideo
803 899 945 936 Simoni
982 933 984 939 ,

169 948 362 993 Cyrenaeo,
391 947 498 992 quasi
531 948 569 982 in
590 948 794 991 quamdam
827 945 946 993 Jactu-

167 1004 248 1029 ram
264 993 525 1039 imposuerunt
540 1005 688 1030 crucem
703 995 944 1040 portandam,

169 1051 282 1087 quam
305 1040 369 1076 alii
403 1042 640 1077 recusabant.
680 1042 750 1084 Qui
781 1042 947 1088 portavit

172 1098 255 1124 eam
276 1088 523 1134 corporaliter
553 1092 590 1124 et
627 1087 756 1133 invite,
777 1099 853 1125 non
870 1088 945 1135 spi·

167 1135 356 1171 ritualiter
376 1140 413 1171 et
427 1136 657 1172 voluntarie:
675 1139 755 1172 tum
774 1136 862 1182 quia
875 1137 946 1172 hoe

170 1187 251 1218 erat
270 1185 396 1228 turpe3
432 1187 510 1219 tum
551 1184 640 1229 quia
674 1183 833 1219 forsitan
866 1186 946 1219 erat

168 1231 255 1266 Jesu
275 1229 492 1276 discipulus,
514 1228 601 1266 licet
621 1231 802 1266 occultus.
826 1232 883 1275 Et,
907 1234 947 1266 ut

171 1277 260 1312 dicit
280 1279 533 1322 Hieronymus,
552 1288 689 1313 nomen
705 1277 812 1313 istius
830 1277 947 1314 Simo-

170 1323 227 1359 nis
252 1324 312 1359 hic
338 1324 569 1369 exprimitur,
605 1325 751 1360 ratione
782 1325 947 1361 filiorum

169 1381 337 1416 suorum,
366 1370 430 1416 qui
454 1375 562 1407 erant
586 1371 725 1407 Christi
758 1371 942 1418 discipuli.

168 1418 322 1454 Crucem
337 1417 400 1454 diu
415 1423 563 1461 portare
578 1429 653 1454 non
664 1422 813 1465 poterat
825 1421 946 1463 Jesus,

168 1466 254 1511 quia
275 1476 319 1501 ex
351 1465 619 1502 afflictionibus
649 1466 948 1511 praecedentibus

167 1513 347 1557 fatigatus
367 1515 447 1548 orat
467 1525 475 1557 ;
492 1516 529 1548 et
548 1512 634 1549 ideo
656 1513 777 1549 Judaei
799 1524 948 1549 crucem

169 1559 312 1595 Simoni
333 1563 483 1605 portare
508 1563 594 1605 post
625 1561 754 1596 Jesum
774 1560 949 1607 impone-

172 1607 276 1642 bant.
301 1608 343 1642 ln
361 1617 433 1652 quo
456 1607 647 1652 docemur,
670 1608 769 1652 quod
791 1608 950 1654 quilibet

173 1653 283 1689 debet
321 1664 469 1689 crucem
502 1654 747 1699 poenitentiae‚
769 1655 949 1700 quamdiu

174 1703 312 1747 potest,
325 1704 495 1747 portare;
510 1701 589 1746 sed,
600 1712 685 1737 cum
698 1702 855 1738 ulterius
870 1713 948 1738 non

171 1751 309 1794 potest,
324 1752 415 1783 tunc
432 1749 554 1794 placet
568 1748 715 1785 Christo
736 1750 834 1795 quod
852 1749 948 1785 alius

169 1805 238 1841 pro
260 1806 303 1830 eo
316 1799 460 1840 portet.
481 1797 554 1831 Iste
578 1795 720 1841 Simon,
743 1797 947 1832 secundum

170 1842 367 1888 quosdam,
388 1853 463 1878 non
487 1842 557 1878 fuit
575 1843 854 1889 Jerosolymita‚
882 1844 947 1880 sed

169 1889 391 1936 peregrinus
402 1892 437 1925 et
449 1890 606 1935 advena,
620 1890 708 1936 quia
721 1891 840 1926 fuerat
853 1892 948 1928 Gen-

169 1936 259 1980 tilis,
282 1940 316 1972 et
333 1936 452 1972 factus
467 1936 536 1972 fuit
552 1938 774 1983 proselytus.
798 1940 841 1973 Et
860 1938 947 1974 licet

170 1983 240 2030 ipsi
260 1986 453 2029 tamquam
469 1985 741 2031 contemptibili
758 1986 947 2032 imposue-

167 2033 258 2066 runt
277 2041 426 2067 crucem
444 2031 593 2067 Domini
609 2034 712 2076 Jesu,
733 2033 804 2068 hoe
818 2038 947 2069 tamen

168 2088 243 2113 non
273 2082 380 2114 vacat
413 2089 435 2114 a
471 2079 663 2125 mysterio.
700 2079 947 2126 Significabat

170 2124 273 2161 enim
287 2126 387 2171 quod
403 2126 599 2162 Gentilitas
613 2127 659 2162 ab
676 2128 764 2173 ipsis
779 2128 947 2164 humeris

166 2172 381 2209 immediate
397 2184 545 2209 crucem
562 2179 785 2220 susceptura
797 2175 844 2211 ad
857 2175 945 2211 red-

167 2219 397 2266 emptionem
416 2224 518 2264 erat;
540 2232 624 2267 quae
647 2222 823 2258 tenebras
842 2221 945 2268 igno-

166 2266 300 2302 rantiae
315 2271 352 2303 et
364 2267 588 2305 idololatriae
602 2268 835 2316 exstirparet,
846 2269 947 2315 quod

120 2344 123 2350 ,.
167 2313 378 2350 Alexander
416 2314 711 2362 interpretatur;
748 2320 785 2352 et
828 2320 947 2353 totam

167 2361 375 2397 Ecclesiam
397 2362 443 2398 de
464 2362 648 2399 Gentibus
670 2363 852 2409 sanguine
878 2374 945 2400 suo

165 2407 376 2453 decoraret,
400 2410 502 2456 quod
526 2409 715 2456 significat
741 2412 883 2457 Rufus3
908 2415 946 2447 et

164 2465 232 2500 per
254 2455 381 2491 omnia
412 2467 617 2493 moerorem
652 2456 844 2502 Gentium,
878 2468 946 2504 per

165 2502 422 2538 obedientiam
449 2504 670 2550 deponeret,
693 2506 793 2551 quod
825 2506 945 2541 inter-

164 2552 336 2595 pretatur
353 2549 505 2594 Simon;
531 2554 567 2586 et
587 2552 745 2588 heredes
771 2552 878 2600 regni
894 2553 946 2589 fa-

166 2599 281 2640 ceret,
310 2597 411 2642 quod
429 2597 700 2643 interpretatur
715 2600 918 2646 Cyrenaeus
933 2611 942 2644 ;

163 2646 201 2678 et
227 2653 379 2680 crucem
405 2644 541 2681 Christi
562 2645 601 2681 in
631 2648 748 2682 altum
770 2658 837 2693 per
862 2657 942 2692 poe-

164 2690 364 2727 nitentiam
385 2691 592 2736 extolleret,
627 2694 726 2739 quod
746 2695 943 2731 sustollere

163 2747 312 2774 crucem
339 2737 474 2775 Christi
501 2739 716 2784 significat3
746 2742 848 2778 etad
871 2742 944 2777 hoc

163 2785 435 2832 compellerent
473 2786 607 2832 Judaei‚
641 2798 706 2834 per
741 2789 811 2825 hoc
843 2789 943 2834 quod

1019 615 1126 651 Unde
1145 615 1313 649 Hilarius
1330 626 1340 646 .·
1362 624 1380 646 «
1409 611 1588 658 Indignus
1607 611 1709 648 enim
1728 613 1794 648 Ju-

982 666 985 675 '
1019 662 1126 698 daeus
1146 664 1227 697 erat
1244 659 1381 696 Christi
1400 669 1549 696 crucem
1571 658 1684 705 ferre,
1706 657 1796 705 quia

1019 709 1108 745 fidei
1135 706 1339 745 Gentilium
1365 711 1446 742 erat
1469 705 1508 742 in
1533 705 1737 752 reliquum,
1759 708 1796 742 et

1019 766 1168 793 crucem
1190 754 1374 800 accipere,
1397 756 1434 789 et
1451 754 1624 798 compati.
1647 766 1664 788 »
1690 753 1796 789 Unde

1019 807 1056 840 et
1086 804 1238 839 Glossa:
1264 814 1282 834 «
1306 802 1400 836 Ecce
1417 811 1494 836 non
1514 801 1707 844 chraeus,
1730 799 1796 835 sed

1019 849 1231 895 allenigena
1268 851 1305 884 et
1342 849 1566 894 peregrinus
1594 846 1796 894 opprobrio

1020 897 1154 935 Christi
1173 895 1361 938 subditur,
1384 898 1424 931 ut
1456 894 1646 940 plenitudo
1668 904 1796 930 sacra-

1020 948 1232 980 mentorum
1254 941 1414 978 transire
1435 952 1456 977 a
1473 940 1613 978 Judaeis
1632 941 1681 977 ad
1701 941 1798 977 Gen-

1019 995 1076 1028 tes
1091 990 1325 1027 ostendatur.
1342 988 1471 1025 Simon
1482 988 1618 1035 quippe
1629 989 1798 1024 obediens

1019 1038 1302 1084 interpretatur,
1325 1036 1526 1082 Cyrenaeus
1546 1038 1660 1073 heres.
1691 1035 1797 1071 Unde

1020 1087 1116 1123 bene
1133 1096 1200 1131 per
1220 1094 1304 1120 eum
1323 1083 1571 1130 designantur
1591 1081 1796 1119 Christiani

1021 1145 1063 1170 ex
1090 1132 1273 1169 Gentibus
1293 1130 1482 1174 conversi,
1519 1129 1583 1176 qui
1606 1129 1797 1176 quondam

1019 1179 1211 1227 peregrini
1232 1181 1340 1214 erant
1365 1180 1679 1215 testamentorum
1704 1176 1795 1221 Dei3

1020 1228 1087 1263 sed
1108 1237 1210 1263 nune
1233 1225 1422 1261 credendo
1449 1229 1486 1261 et
1506 1224 1717 1261 obediendo
1739 1222 1798 1260 di-

1020 1274 1119 1310 vinis
1138 1273 1340 1316 mandatis,
1367 1271 1456 1308 facti
1479 1276 1568 1308 sunt
1588 1273 1682 1307 cives
1703 1272 1798 1308 San-

1022 1326 1158 1358 ctorum
1179 1324 1211 1357 et
1238 1321 1426 1356 domestici
1445 1321 1524 1363 Dei,
1546 1318 1674 1365 sicque
1698 1319 1798 1354 here·

1022 1370 1084 1405 des
1102 1369 1248 1414 quidem
1266 1370 1345 1411 Dei,
1363 1367 1548 1402 coheredes
1563 1371 1681 1402 autem
1692 1366 1799 1404 Chri-

1021 1418 1095 1452 sti:
1117 1430 1135 1448 »
1158 1416 1239 1451 haec
1269 1415 1410 1451 Glossa.
1444 1415 1494 1450 De
1519 1413 1609 1450 villa
1629 1423 1718 1460 ergo
1740 1411 1798 1449 Si-

1022 1474 1111 1499 mon
1137 1461 1335 1509 egrediens
1371 1471 1520 1497 crucem
1553 1463 1680 1507 portat
1716 1463 1799 1506 post

1021 1511 1165 1554 Jesum‚
1201 1519 1284 1545 cum
1310 1509 1470 1555 populus
1501 1507 1711 1553 nationum,
1732 1517 1799 1553 pa-

1023 1559 1129 1604 ganis
1152 1556 1284 1592 ritibus
1320 1554 1524 1599 derelictis,
1551 1554 1707 1600 vestigia
1727 1556 1800 1591 Do-

1022 1604 1170 1641 minicae
1195 1603 1388 1639 Passionis
1412 1603 1633 1639 obedienter
1650 1602 1798 1648 ample-

1022 1651 1249 1688 ctitur.Villa
1260 1650 1361 1686 enim
1373 1651 1501 1687 Graece
1512 1654 1621 1699 πάγος
1629 1653 1799 1695 vocatur,

1022 1714 1044 1740 a
1062 1714 1135 1750 qua
1154 1704 1289 1750 pagani
1307 1714 1445 1739 nomen
1463 1705 1678 1747 traxerunt3
1701 1701 1800 1738 unde

1022 1761 1188 1797 paganos
1207 1751 1440 1797 appellamus
1458 1761 1537 1795 eos,
1557 1760 1654 1796 quos
1673 1761 1695 1785 a
1715 1748 1801 1785 civi-

1022 1802 1098 1834 tate
1116 1798 1181 1834 Dei
1208 1798 1352 1834 alienos
1371 1797 1552 1834 videmus.
1576 1797 1680 1833 Unde
1710 1797 1800 1832 The-

1021 1847 1168 1892 ophilus
1188 1858 1198 1881 .-
1218 1858 1236 1879 «
1258 1845 1322 1881 Ille
1358 1845 1456 1881 tollit
1494 1854 1644 1881 crucem
1678 1853 1800 1884 suam.

1021 1894 1085 1939 qui
1105 1893 1208 1929 venit
1236 1903 1258 1928 a
1280 1892 1382 1936 villa,
1416 1891 1454 1927 id
1480 1891 1621 1936 estqui
1648 1890 1802 1927 dimittit

1020 1941 1120 1976 hunc
1144 1940 1327 1975 mundum
1357 1943 1393 1974 et
1413 1950 1530 1986 opera
1549 1940 1644 1985 ejus,
1678 1937 1717 1974 in
1736 1939 1802 1975 Je-

1020 1987 1198 2033 rusalem,
1217 1986 1255 2022 id
1271 1986 1379 2022 estin
1393 1997 1596 2033 supernam
1611 1984 1800 2022 civitatem

1021 2034 1178 2070 tendens
1199 2045 1206 2069 :
1231 2048 1249 2066 »
1271 2034 1351 2070 hsec
1377 2034 1610 2081 Theophilus.

1068 2085 1112 2117 56
1147 2083 1366 2117 Doccmzxm
1384 2093 1455 2118 nuo
1494 2093 1540 2117 Ex
1558 2092 1799 2117 BAJULATIONE

1020 2140 1153 2174 CRL'CIS,
1168 2141 1276 2165 ACTUS
1286 2140 1590 2165 CONFORMATIONIS
1603 2140 1645 2164 ET
1657 2138 1800 2164 ORATIO.

1019 2196 1066 2203 —
1084 2177 1135 2212 Ex
1155 2177 1226 2212 boc
1261 2176 1420 2212 articulo
1450 2175 1694 2222 bajulationis
1717 2185 1801 2211 cru-

1020 2223 1072 2259 cis
1093 2226 1295 2260 sumuntur
1326 2224 1400 2260 duo
1439 2223 1678 2259 documenta.
1720 2221 1801 2258 Pri—

1019 2280 1122 2306 mum
1141 2274 1208 2313 est,
1231 2271 1329 2316 quod
1344 2281 1414 2306 nos
1429 2269 1632 2307 Christiani
1651 2279 1802 2306 crucem

1018 2322 1172 2364 portare
1212 2317 1393 2354 debemus
1428 2322 1513 2364 post
1547 2316 1566 2355 J
1572 2327 1693 2360 esum,
1715 2317 1804 2364 quia

1021 2366 1185 2402 Christus
1200 2375 1334 2411 passus
1370 2368 1422 2400 est
1440 2375 1506 2411 pro
1544 2365 1663 2408 nobis,
1700 2364 1803 2400 vobis

1019 2413 1230 2458 relinquens
1256 2413 1476 2458 eoeemptum,
1516 2415 1558 2447 ut
1592 2412 1804 2457 sequamini

1019 2461 1176 2504 vestiqia
1194 2460 1285 2505 ejus.
1303 2459 1406 2495 Unde
1419 2460 1472 2495 ait
1487 2459 1639 2496 Glossa:
1659 2472 1679 2492 «
1694 2459 1804 2494 Prior

1020 2508 1203 2543 Dominus
1229 2517 1378 2542 crucem
1417 2510 1554 2552 portat,
1597 2505 1661 2552 qui
1697 2504 1804 2552 prior

1019 2564 1153 2600 passus
1179 2557 1254 2598 est;
1290 2556 1422 2600 postea
1449 2553 1629 2599 imposita
1661 2556 1716 2588 est
1750 2551 1805 2589 Si-

1020 2602 1123 2637 moni
1158 2602 1354 2648 Cyrenaeo,
1388 2604 1474 2648 post
1497 2599 1686 2637 Christum
1719 2609 1806 2645 por-

1019 2648 1147 2692 tanda,
1176 2648 1265 2694 quia
1286 2649 1469 2684 debemus
1501 2646 1609 2694 sequi
1642 2645 1804 2693 vestigia

1020 2696 1115 2741 ers.
1142 2708 1160 2729 »
1191 2697 1236 2731 Et
1261 2695 1361 2740 ideo,
1391 2700 1429 2731 ut
1452 2694 1544 2732 dicit
1567 2694 1800 2736 Ambrosius,

1020 2753 1096 2778 non
1115 2744 1309 2789 praecessit
1323 2743 1466 2787 Simon,
1477 2742 1542 2778 sed
1557 2741 1800 2788 sequebatur.

1022 2789 1112 2826 Hinc
1133 2791 1312 2827 Dominus
1331 2790 1372 2827 in
1392 2788 1596 2837 Evangelio
1620 2800 1628 2826 :
1650 2789 1692 2826 Si
1718 2789 1803 2835 quis
