1924 3157
223 216 281 250 318
859 211 996 246 INDEX
1034 209 1224 245 GAri'rUM

282 287 404 331 rogat,
436 285 473 319 et
507 281 578 328 ipsi
612 284 819 319 retrorsum
853 281 891 319 in
1084 285 1126 317 25
1147 279 1423 326 Discipulorum
1453 277 1557 324 fuga,
1591 278 1666 315 fide
1699 277 1736 314 in

285 336 424 368 terram
454 329 604 366 cadunt.
966 331 1007 364 25
1129 329 1209 364 sola
1230 326 1345 363 Maria
1365 327 1599 362 remanente.

240 383 279 416 16
299 378 475 415 Osculum
495 376 615 413 Jndae.
965 379 1008 419 24
1084 378 1125 411 26
1146 375 1325 418 Quisnam
1346 372 1408 409 ille
1422 373 1656 416 adolescens,
1672 372 1736 419 qui

239 442 278 474 17
297 425 454 469 Quinam
476 427 564 460 sunt
586 423 690 460 Judae
723 421 891 460 similes?
1129 422 1230 457 solus
1266 423 1392 458 Jesum
1428 422 1578 456 sccutus
1609 422 1679 461 est,
1701 423 1738 456 et

282 477 317 510 ct
328 472 401 509 tria
415 472 515 508 illius
529 470 771 508 traditionem
790 480 890 507 aina-
1129 479 1315 514 quosnam
1333 467 1532 513 designat?

280 530 362 556 ram
385 519 596 555 reddentia.
965 519 1006 552 25
1082 529 1122 563 27
1147 517 1313 559 Qnatuor
1340 515 1564 551 documenta
1597 524 1618 550 e
1648 512 1738 559 fuga

241 571 280 604 18
298 568 384 603 Tria
398 568 622 603 documenta
635 575 677 601 ox
691 564 796 601 ι1110εο
808 575 890 611 pro-
1126 563 1406 608 Apostolorum,
1447 564 1550 598 actus
1586 560 1738 597 confor-

282 614 437 656 ditione‚
454 617 559 650 actus
578 611 889 649 conformationiS
1128 610 1306 647 mationis
1328 613 1364 646 et
1385 609 1521 645 oratio.

282 665 319 698 et
339 661 472 698 oratio.
965 661 1006 693 25
1081 661 1124 694 28
1158 658 1224 694 Pia
1260 656 1455 694 meditatio
1481 665 1592 702 super
1619 654 1737 702 capti-

240 724 280 756 19
300 708 445 755 Figura}
461 706 665 755 proditoris
686 704 816 743 osculi.
965 709 1006 740 26
1125 705 1240 741 vitate
1274 703 1424 741 Domini
1457 706 1493 740 ct
1521 702 1651 739 dolore
1679 702 1739 738 di-

235 770 278 792 20
300 758 438 792 Fervor
466 755 564 792 Petri
595 755 633 790 in
666 752 887 799 aggredicn—
1126 751 1355 798 scipulorum
1373 750 1581 798 praesertim
1595 751 1636 786 B.
1658 749 1738 786 Vir-

282 804 330 840 do
357 803 502 840 Malcho
531 813 553 839 a
576 801 723 838 Christo
752 810 887 847 rcprc—
1123 799 1218 845 ginis
1240 799 1378 835 Min-isc.

281 851 472 888 henditur.
964 850 1006 883 26
1080 860 1122 895 29
1144 847 1311 883 Christus
1331 847 1495 894 primum
1515 844 1562 881 ad
1585 845 1736 881 Annam

237 912 274 934 21
299 900 449 934 Sanatio
463 897 574 941 servi,
587 899 623 932 et
637 895 775 932 blanda
789 894 890 932 Chri·
1127 893 1289 930 ducitur.

280 945 328 982 sti
348 944 523 981 allocutio
549 944 595 980 ad
618 944 760 979 turbas.
965 956 1004 988 27
1079 945 1123 978 50
1143 940 1277 977 Novies
1302 941 1436 977 ductus
1462 937 1532 975 suit
1552 938 1736 984 Christus,

232 1006 272 1029 22
293 991 515 1029 Voluntaria
526 990 662 1027 Christi
676 988 886 1036 captivitas,
1126 988 1227 1024 uncle
1248 987 1398 1024 devotio
1418 985 1644 1023 visitationis
1668 997 1736 1023 no-

278 1040 351 1077 duo
373 1040 601 1076 documenta
624 1049 666 1073 ex
697 1048 754 1081 ca,
783 1040 889 1073 actus
1126 1046 1211 1071 vem
1232 1036 1473 1081 templorum.

282 1085 590 1124 conformationis
611 1089 647 1121 et
665 1085 799 1120 oratio.
965 1086 1007 1119 28
1079 1086 1120 1120 51
1146 1083 1312 1125 Quatuor
1335 1083 1561 1118 documenta
1587 1092 1630 1118 ex
1663 1081 1738 1118 du-

235 1138 276 1171 25
298 1136 372 1172 Cur
394 1133 572 1170 Dominus
594 1130 757 1168 vinculis
780 1130 890 1178 ligari
1126 1130 1249 1166 ctione
1276 1129 1426 1174 Christi,
1449 1133 1553 1166 actus
1586 1129 1736 1170 confor-

280 1181 469 1219 voluerit'?
965 1191 1007 1225 29
1127 1177 1303 1214 mationis
1326 1181 1362 1214 et
1379 1177 1513 1214 oratio.

235 1232 277 1273 24
298 1228 471 1275 Quinque
492 1228 718 1264 documenta
738 1236 781 1262 ex
801 1226 889 1272 liga·
1079 1228 1123 1261 52
1140 1226 1271 1261 Petrus
1292 1227 1419 1261 Jesnm
1440 1234 1602 1271 sequens
1619 1223 1734 1260 alon-

279 1276 380 1313 tione
415 1275 580 1319 Domini,
601 1278 705 1310 actus
737 1274 886 1310 consor·
1127 1283 1172 1319 ge
1206 1273 1243 1308 in
1273 1272 1413 1309 atrium
1446 1270 1642 1308 pontificis
1675 1270 1735 1307 in-

279 1323 457 1362 mationis
477 1328 514 1360 et
536 1322 669 1359 oratio.
965 1334 1007 1367 29
1126 1320 1348 1357 troducitur.

519 1454 668 1492 CAPUT
689 1453 759 1489 LX.
782 1471 825 1478 -
842 1453 892 1487 De
911 1452 1120 1494 Matutinis,
1141 1452 1181 1487 in
1203 1451 1375 1487 Passione
1393 1450 1553 1486 Domini.

259 1584 269 1604 ι
291 1567 418 1606 Prima
439 1566 575 1604 Christi
596 1565 858 1613 interrogatio.
958 1567 1001 1601 55
1125 1567 1297 1602 cumenta
1317 1575 1360 1600 ex
1378 1574 1435 1608 ea,
1457 1564 1562 1599 actus
1588 1560 1734 1598 consor-

255 1630 272 1652 2
293 1616 506 1662 Alapizatur
520 1614 715 1651 Dominus.
958 1615 1003 1648 56
1122 1611 1300 1648 mationis
1318 1614 1355 1648 et
1375 1610 1508 1648 oratio.

253 1667 273 1699 5
295 1663 382 1700 Tria
404 1664 631 1699 documenta
653 1673 695 1698 ex
721 1661 884 1708 alapiza-
1080 1662 1121 1696 15
1142 1659 1394 1706 Colaphizatio
1413 1656 1562 1702 Christi,
1579 1656 1651 1692 duo
1669 1656 1732 1692 do-

276 1711 379 1747 tione
411 1710 573 1752 Domini,
597 1714 700 1745 actus
736 1709 882 1745 conl'or-
1124 1711 1297 1744 cumenta
1318 1718 1361 1743 cx
1381 1717 1438 1749 ea,
1459 1707 1563 1742 actus
1587 1704 1733 1740 confor-

276 1758 454 1794 mationis
482 1761 518 1794 et
538 1759 670 1793 oratio.
959 1759 1001 1802 57
1123 1754 1300 1791 mationis
1321 1758 1357 1790 ct
1383 1753 1517 1790 oratio.

251 1810 271 1849 4
293 1806 401 1842 Falsa
419 1805 635 1841 testimonia
659 1807 790 1840 contra
811 1805 882 1840 Do-
1080 1805 1121 1847 14
1142 1801 1336 1839 Percussio
1359 1801 1399 1837 in
1420 1801 1554 1837 faciem
1580 1798 1731 1844 Christi,

273 1852 552 1889 minumcoram
569 1851 710 1896 Caiplia
724 1852 881 1897 prolata.
958 1853 1000 1896 57
1123 1850 1197 1886 duo
1224 1850 1450 1886 documenta
1474 1859 1519 1884 ex
1539 1856 1596 1891 ea,
1627 1849 1731 1883 actus

250 1903 270 1935 5
288 1899 373 1936 Tria
385 1900 609 1936 documenta
621 1900 667 1934 de
680 1899 771 1934 salso
784 1898 885 1934 tosti·
1123 1896 1434 1933 conformationis
1462 1900 1498 1932 et
1525 1893 1658 1930 oratio.

275 1946 416 1991 monio,
439 1950 542 1983 actus
575 1944 884 1982 conformationis
1079 1947 1118 1982 15
1144 1944 1397 1991 Prophetandi
1425 1941 1615 1989 expetitiO,
1637 1951 1730 1987 qua-

275 1999 313 2030 et
332 1994 467 2030 oratio.
956 1994 1000 2028 58
1122 1996 1208 2028 tuor
1228 1992 1454 2028 documenta
1475 2001 1518 2026 cx
1547 2000 1603 2032 ea,
1624 1991 1730 2025 actus

252 2045 273 2078 6
294 2041 492 2087 Adjuratio
522 2041 657 2077 summi
689 2038 883 2076 Pontiticis
1122 2038 1431 2075 conformationis
1450 2041 1486 2074 ct
1502 2036 1640 2074 oratiO.

275 2091 310 2125 et
328 2089 465 2125 Christi
480 2088 690 2134 responsio.
955 2089 998 2134 59
1079 2089 1118 2123 16
1138 2087 1328 2123 Meditatio
1393 2096 1505 2132 super
1566 2081 1730 2121 ludibria

253 2151 272 2183 7
297 2136 456 2182 Caiphas
474 2136 697 2172 vestimenta
711 2133 882 2170 scindens
1122 2133 1272 2170 Christi.

273 2183 476 2220 Dominum
509 2183 752 2230 blasphemiae
788 2182 881 2218 insi-
1078 2196 1117 2227 17
1138 2181 1293 2228 Negatio
1316 2181 1417 2218 trina
1439 2180 1552 2217 Petri.

272 2231 402 2267 mulat.
955 2234 998 2278 59
1077 2232 1117 2265 18
1136 2228 1371 2275 Respiciente
1386 2239 1471 2265 eum
1486 2229 1647 2273 Christo,
1663 2229 1728 2266 Pe-

249 2281 269 2315 8
294 2280 566 2315 Documentum
587 2278 729 2314 morale
750 2289 792 2314 ex
815 2277 881 2313 im-
1032 2287 1035 2325 Ι
1120 2280 1201 2313 trus
1223 2278 1286 2312 llet
1303 2287 1444 2312 amare.

273 2325 459 2372 positione
493 2326 751 2372 blasphemi-ic,
777 2329 881 2361 actus
1032 2327 1035 2373 !
1078 2334 1118 2371 19
1140 2325 1271 2360 Petrus
1288 2323 1326 2360 in
1344 2323 1568 2371 poenitentia
1584 2323 1712 2361 imitan

275 2373 582 2409 conformationis
605 2378 639 2409 ct
661 2373 794 2409 oratio.
954 2377 998 2416 [40
1032 2375 1035 2407 ἰ
1122 2372 1202 2407 dus.

249 2435 269 2468 9
287 2421 557 2457 Condemnatio
574 2420 709 2457 Christi
724 2421 770 2456 ad
785 2430 880 2456 mor-
1077 2432 1119 2455 20
1141 2418 1237 2462 Quid
1256 2419 1451 2455 moraliter
1471 2419 1642 2465 signatur
1661 2429 1729 2466 per

274 2470 364 2513 tem,
387 2468 460 2504 duo
493 2470 719 2504 documenta
747 2478 790 2503 ex
823 2478 879 2513 ea,
1122 2466 1276 2503 ancillas
1295 2471 1332 2502 et
1354 2466 1622 2508 ministrosad
1640 2477 1728 2513 quo-

276 2518 380 2567 actus
410 2515 717 2552 conformationis
738 2518 774 2550 et
793 2525 878 2552 ora-
1120 2524 1204 2550 rum
1231 2524 1360 2550 vocem
1382 2515 1515 2550 Petrus
1537 2513 1726 2552 Christum

271 2564 340 2599 tio.
953 2565 998 2606 40
1119 2560 1297 2606 negavit?

232 2624 272 2646 10
294 2608 522 2655 Conspuitur
542 2609 734 2646 Dominus.
952 2613 992 2653 41
1073 2622 1112 2645 21
1138 2609 1206 2644 Sex
1227 2608 1451 2645 documenta
1471 2619 1514 2644 ex
1529 2608 1728 2654 negatione

231 2672 267 2694 11
291 2657 371 2709 Duo
391 2657 616 2693 documenta
642 2668 686 2693 ex
722 2667 878 2703 conspu-
1120 2655 1235 2701 Petri,
1251 2659 1354 2693 actus
1370 2655 1676 2694 conformationis
1690 2659 1728 2694 et

272 2706 391 2750 tione,
402 2707 506 2741 actus
522 2704 832 2741 conformationis
843 2707 880 2740 et
1119 2702 1254 2740 oratio.

272 2750 408 2787 oratio.
951 2754 992 2795 41
1073 2763 1115 2786 22
1137 2751 1330 2794 Quomodo
1364 2754 1514 2790 noctem
1539 2749 1728 2790 Passionis

230 2811 269 2834 12
287 2798 432 2836 Velatio
446 2798 554 2836 faciei
570 2798 721 2846 Christi,
732 2799 804 2836 duo
816 2798 877 2836 do·
1120 2798 1306 2844 transegit
1317 2799 1513 2836 Dominus.
