1924 3157
172 197 233 230 290
597 188 802 222 SECUNDA:
839 187 994 220 rixaris

178 264 268 300 toris
283 262 448 298 omnium
464 261 642 295 thronum
655 255 809 293 exaltari
822 266 951 301 recog-

178 309 322 352 noscit;
363 307 528 353 antiquae
563 303 834 340 maledictionis
867 313 954 349 poe-

179 367 281 400 nani,
304 364 417 401 quam
438 354 474 389 in
495 356 648 400 peccato
677 350 954 404 primorum-fi-

180 405 314 439 liorum
347 411 500 437 suorum
533 410 571 435 se
596 402 730 435 merito
766 407 954 443 excepisse

181 451 335 493 sciebat,
353 449 432 495 J'am
453 458 518 494 per
543 449 659 482 tantae
683 442 955 482 benedictionis

181 502 254 534 tuae
276 496 561 538 abundantiam,
594 504 677 530 sese
709 493 869 529 evadere
890 491 954 527 in—

182 543 396 581 dubitanter
413 542 602 578 credebat.
616 540 712 584 Quid
727 540 886 586 amplius
905 539 956 573 di-

182 601 267 628 cei-e
288 600 454 637 possum,
468 587 649 625 Domina?
662 586 955 623 immensitatem

181 639 317 684 quippe
338 636 469 683 gratiae
490 640 526 671 et
542 635 672 681 gloriae
689 638 762 671 tuae
785 632 956 669 conside-

180 696 266 721 rare
288 683 451 731 cupienti
472 693 603 719 sensus
624 682 750 719 deficit
770 684 808 717 et
828 680 958 732 lingua

184 732 335 768 fatiscit.
352 731 673 775 Quemadmodum
695 728 794 765 enim
816 737 956 770 omnia,

183 790 267 826 quae
298 779 336 814 in
369 778 461 815 coelo
494 781 595 820 sunt,
617 787 685 823 per
719 774 957 822 glorificatio-

186 837 271 863 nem
292 830 395 862 tuam
430 824 674 861 ineffabiliter
705 824 955 865 decorantur;

182 874 235 910 ita
254 883 322 919 per
341 873 514 909 eamdem
534 870 849 916 glorificationem
868 879 958 904 cun-

184 926 256 963 cta,
279 930 362 965 quae
398 921 435 955 in
457 923 559 954 terra
582 917 804 960 subsistunt,
831 915 962 951 ineffa-

182 967 311 1004 biliter
335 966 599 1002 sublimantur.
635 963 790 1009 Singula
824 972 961 1009 nempe

182 1014 221 1050 in
244 1016 435 1049 immensae
455 1011 650 1057 dignitatis
666 1011 778 1047 decus
795 1010 962 1056 prosece-

183 1066 284 1103 runt,
308 1071 391 1096 cum
415 1070 482 1106 per
502 1062 606 1095 tuam
629 1059 777 1094 beatam
802 1062 838 1093 et
859 1056 959 1092 inte—

185 1107 388 1155 gerrimam
411 1105 668 1153 virginitatem
697 1106 815 1141 Deum
836 1114 959 1147 suum,

184 1165 293 1202 quem
318 1165 390 1191 non
406 1158 674 1200 cognoverant,
689 1162 906 1198 agnoscere,
926 1155 962 1186 et

184 1202 353 1248 agnitum
375 1202 498 1237 colere
526 1205 637 1246 atque
671 1209 798 1235 amare
817 1209 962 1235 merue-

185 1253 291 1293 runt;
313 1249 462 1294 quaudo
484 1258 614 1284 omnes
637 1247 751 1283 coelos
771 1251 962 1282 transcen—

184 1297 286 1338 dere,
310 1307 353 1331 ac
372 1295 411 1331 in
432 1296 585 1331 dextera
606 1294 672 1331 Dei
692 1295 748 1330 sui
770 1292 961 1330 benedicti

184 1343 263 1379 Filii
284 1344 338 1379 tui
365 1342 519 1378 exaltari
553 1346 823 1388 cognoverunt.
849 1342 889 1376 In
917 1351 960 1376 eo

183 1393 294 1427 etiam
317 1389 530 1425 didicerunt
556 1400 594 1425 se
614 1389 736 1425 eidem
757 1390 833 1424 Deo
854 1398 962 1424 suum

186 1442 302 1473 totum
327 1437 466 1472 debere
487 1436 587 1482 quod
606 1439 709 1480 sunt,
733 1435 885 1481 quando
905 1439 960 1475 tu,

188 1495 269 1530 quae
292 1484 390 1519 inter
410 1483 488 1527 illa,
511 1487 547 1519 et
576 1483 622 1519 de
642 1483 717 1518 illis
750 1493 825 1518 una
846 1481 962 1525 suisti,

188 1535 328 1568 tantam
350 1530 544 1577 dignitatis
563 1529 807 1566 eminentiam
828 1529 965 1566 merui-

189 1579 247 1615 sti.
271 1577 370 1614 Nibil
401 1578 516 1624 igitur
543 1582 607 1614 aut
633 1577 743 1613 idolis
774 1577 963 1620 homines,

188 1630 251 1662 aut
271 1626 356 1661 ullae
378 1625 460 1661 aliae
478 1636 606 1661 rerum
626 1623 762 1672 speciei
778 1624 964 1661 idolorum

189 1673 395 1709 cultoribus
428 1683 467 1708 se
503 1672 640 1708 debere
678 1672 962 1716 intellexerunt3

192 1721 255 1756 ubi
285 1724 321 1755 et
349 1719 577 1767 singularem
610 1722 803 1756 auctorem
825 1718 895 1764 sui,
923 1729 965 1754 ex

193 1766 402 1803 castissimo
418 1773 526 1803 utero
542 1770 622 1811 tuo,
637 1767 680 1802 ad
699 1768 847 1812 plenam
861 1766 967 1802 resti-

196 1813 382 1850 tutionem
403 1814 535 1861 primae
560 1814 759 1850 creationis
780 1825 856 1850 suae
878 1824 965 1859 pro-

197 1861 364 1908 genitum
378 1865 643 1907 susceperunt3
660 1864 697 1897 et
711 1864 761 1905 te,
775 1872 842 1907 per
854 1871 966 1906 quam

197 1908 374 1944 amissam
397 1908 621 1953 dignitatem
642 1918 749 1944 suam
771 1918 967 1954 recupera-

196 1956 453 1999 verunt,omni
470 1960 653 1991 creaturae
668 1959 744 1990 tam
758 1955 969 1991 sublimiter

198 2001 368 2051 praeponi
384 2004 640 2048 inspexerunt.
655 2003 752 2045 Quas
770 2002 881 2049 igitur
894 2002 970 2038 lau-

200 2049 279 2093 des,
303 2059 442 2095 quasve
463 2048 671 2095 gratiarum
693 2049 875 2091 actiones,
895 2060 971 2085 non

202 2097 322 2132 solum
339 2097 519 2133 humana.
531 2096 595 2132 sed
609 2097 721 2132 etiam
734 2096 857 2132 omnis
872 2107 972 2133 crea-

199 2147 283 2179 tura
299 2144 385 2179 huic
399 2143 663 2179 sacratissimae
682 2143 974 2190 Virginidebet?

201 2190 407 2226 Purissima
427 2201 590 2237 namque
610 2190 802 2235 sanctitas,
824 2201 867 2227 ac
887 2202 973 2227 san-

199 2238 365 2274 ctissima
375 2240 520 2284 puritas
534 2237 688 2284 piissimi
703 2238 866 2284 pectoris
881 2239 973 2285 ejus,

202 2295 353 2321 omnem
380 2287 504 2321 omnis
533 2290 716 2321 creaturae
756 2285 974 2331 puritatem,

200 2342 266 2368 seu
286 2332 525 2368 sanctitatem
546 2332 832 2379 incomparabili
855 2333 974 2369 subli-

199 2379 329 2415 mitate
350 2379 634 2424 transcendens,
658 2381 731 2416 hoc
753 2379 974 2425 promeruit,

201 2429 239 2460 ut
254 2426 462 2472 reparatrix
478 2427 614 2473 perditi
636 2428 738 2463 orbis
755 2426 975 2473 dignissime

201 2473 321 2508 fieret.
344 2474 450 2509 L'nde
465 2474 553 2519 quid
572 2474 695 2510 laudis
716 2478 870 2520 protam
886 2474 977 2510 inef-

203 2519 302 2555 fabili
333 2520 428 2555 bono
461 2522 551 2566 ipse,
575 2531 644 2567 per
670 2532 752 2557 eam
778 2525 974 2567 reparatus

200 2566 373 2610 munduS,
397 2568 426 2602 ci
455 2568 540 2613 jure
566 2569 714 2611 debeat,
735 2579 799 2604 cor
819 2568 975 2614 alicujus

198 2615 265 2649 sub
286 2624 396 2649 carue
414 2614 561 2649 mortali
587 2615 758 2660 viventis,
786 2615 975 2652 aestimare

201 2660 571 2696 nuliatenussusficit.
589 2662 721 2707 Utique
732 2662 831 2698 enim
841 2667 975 2699 cuncta

198 2719 280 2754 quae
299 2709 395 2744 Deus
413 2709 512 2751 tecit,
533 2712 568 2744 et
590 2708 729 2745 utiliter
748 2710 848 2746 bona
868 2711 905 2745 in
929 2720 972 2746 eo

201 2759 300 2791 statu
321 2765 394 2802 quo
417 2755 567 2791 condita
588 2757 739 2791 suerunt
759 2767 841 2793 esse
859 2756 972 2793 desti-

196 2806 345 2845 terunt,
366 2806 403 2838 et
421 2812 487 2848 per
507 2803 605 2838 hanc
618 2803 875 2840 beatissimam
895 2803 973 2838 Vir-

1033 184 1169 219 CAPUT
1208 182 1383 216 LXXXVI

1034 253 1160 300 ginem
1188 253 1224 288 in
1243 256 1382 289 statum
1408 254 1608 298 pristinum
1635 253 1806 289 restituta

1035 304 1133 337 sunt.
1157 300 1258 337 Sicut
1289 310 1379 345 ergo
1408 301 1520 345 Deus,
1542 311 1610 337 sua
1636 298 1807 347 potentia

1035 351 1166 384 cuncta
1194 348 1392 392 patrando,
1414 352 1521 393 pater
1544 351 1600 384 est
1619 352 1657 384 et
1686 345 1807 383 Domi-

1036 405 1108 431 nus
1144 394 1335 436 omnium;
1362 393 1416 429 ita
1450 395 1560 430 beata
1583 395 1700 431 Maria
1731 392 1808 430 suis

1036 441 1180 478 meritis
1200 445 1333 478 cuncta
1361 442 1587 487 reparando,
1605 445 1728 478 mater
1753 443 1810 476 est

1037 494 1072 525 ct
1092 489 1248 525 Domina
1265 498 1404 524 rerum.
1428 490 1526 524 Deus
1543 491 1598 524 est
1618 487 1720 525 enim
1739 489 1808 524 Do-

1036 535 1158 572 minus
1178 536 1360 580 omnium,
1381 536 1529 582 singula
1547 536 1585 571 in
1607 546 1674 572 sua
1698 538 1810 571 natu-

1036 594 1090 623 ra,
1113 583 1265 630 propria
1278 584 1460 630 jussione,
1479 581 1758 627 constituend03
1775 583 1814 617 et

1038 633 1153 667 Maria
1168 634 1223 666 est
1242 630 1399 667 Domina
1413 641 1555 673 rerum,
1566 629 1714 676 singula
1727 639 1813 665 con-

1038 678 1175 725 genitae
1198 677 1371 724 dignitati
1392 677 1590 723 perillam,
1613 686 1726 724 quam
1739 686 1815 712 me-

1038 726 1114 762 ruit
1132 727 1290 772 gratiam
1312 725 1558 761 restituendo.
1579 726 1622 760 Et
1636 723 1815 772 quemad-

1038 774 1193 810 modum
1210 774 1309 809 Deus
1323 782 1367 808 ex
1381 782 1449 808 sua
1463 771 1673 809 substantia
1686 771 1815 818 genuit

1040 831 1139 863 eum,
1159 831 1228 866 per
1248 830 1358 865 quem
1385 819 1529 856 cunctis
1550 819 1736 865 originem
1754 818 1816 854 de-

1041 868 1114 912 dit3
1136 867 1189 903 ita
1217 867 1335 903 Maria
1370 867 1416 903 de
1439 877 1506 903 sua
1529 877 1644 903 carne
1670 865 1817 913 peperit
1877 882 1883 886 ,

1041 915 1159 957 illum,
1185 915 1245 960 qui
1274 916 1311 949 in
1346 913 1521 950 decorem
1544 913 1676 960 primae
1709 922 1817 949 crea-

1041 961 1153 998 tionis
1175 961 1342 997 omnium
1362 965 1497 997 cuncta
1515 960 1692 997 restituit.
1708 961 1816 1004 Item,

1041 1010 1143 1046 nulla
1168 1018 1295 1044 rerum
1315 1008 1470 1054 species,
1492 1007 1565 1044 nisi
1585 1018 1653 1055 per
1671 1006 1738 1044 Dei
1757 1005 1818 1042 Fi-

1041 1058 1133 1092 lium
1156 1055 1254 1091 sacta
1287 1055 1477 1100 substitit;
1511 1055 1564 1092 ita
1593 1056 1651 1092 lex
1681 1052 1818 1090 debitae

1043 1101 1294 1140 damnationis
1332 1102 1524 1138 neminem
1561 1101 1717 1146 deserit,
1747 1099 1820 1137 nisi

1043 1162 1154 1197 quem
1187 1151 1234 1186 ab
1264 1160 1307 1186 ea
1328 1149 1443 1186 Filius
1480 1149 1607 1186 Mariae
1643 1147 1816 1186 absolvit.

1042 1198 1132 1242 Quis
1152 1198 1270 1243 igitur
1293 1197 1364 1233 ista
1387 1202 1490 1233 recto
1512 1208 1626 1234 sensu
1648 1200 1685 1234 et
1706 1195 1821 1232 corde

1044 1246 1192 1282 sincero
1215 1245 1469 1291 perpendens,
1490 1245 1601 1291 plene
1628 1243 1821 1290 percipere

1044 1296 1158 1340 queat
1192 1292 1453 1328 excellentiam
1486 1291 1655 1328 Dominae
1691 1291 1819 1338 hujus,

1042 1351 1110 1387 per
1132 1350 1243 1385 quam
1264 1344 1340 1375 tam
1363 1339 1618 1376 inaestimabili
1640 1339 1822 1376 electione

1044 1391 1193 1424 erectus
1230 1389 1284 1423 est
1309 1387 1495 1422 mundus?
1519 1387 1620 1431 Quis,
1651 1386 1820 1432 inquam,
1843 1393 1845 1395 ’

1045 1434 1179 1471 miram
1202 1437 1238 1470 et
1256 1433 1359 1469 omni
1377 1433 1432 1469 rei
1452 1437 1592 1480 praeter
1609 1433 1822 1470 hancinau-

1045 1483 1162 1518 ditam
1192 1481 1360 1517 mulieris
1381 1481 1489 1517 istius
1520 1481 1683 1527 gratiam
1704 1479 1822 1517 ocuHs

1045 1529 1182 1565 mentis
1193 1527 1473 1575 aspiciens,non
1483 1528 1638 1565 omnino
1650 1528 1823 1574 obstupe-

1047 1579 1180 1620 scat,et
1189 1587 1265 1612 non
1276 1576 1386 1612 modo
1400 1575 1824 1622 elinguis,verumetiam

1046 1626 1160 1660 tantae
1199 1625 1254 1659 rei
1294 1623 1631 1670 comprehensione
1669 1632 1824 1670 prorsus

1047 1670 1227 1707 immunis
1241 1671 1307 1706 fiat
1318 1671 1336 1706 ⁴?
1351 1672 1588 1717 Quapropter
1604 1681 1648 1706 ea
1661 1680 1744 1716 quae
1760 1680 1825 1705 no-

1048 1720 1106 1755 bis
1135 1722 1222 1754 sunt
1250 1718 1555 1764 impenetrabilia
1574 1717 1825 1754 intermitten-

1049 1771 1118 1811 tes,
1143 1766 1319 1812 precibus
1352 1765 1556 1812 impetrare
1586 1765 1764 1810 nitamur,
1786 1766 1826 1800 ut

1050 1815 1150 1859 quod
1169 1814 1361 1850 intellectu
1382 1823 1516 1858 capere
1538 1812 1750 1859 nequimus,
1769 1821 1826 1847 sa-

1049 1861 1160 1898 lutari
1182 1862 1314 1898 effectu
1333 1860 1502 1907 obtinere
1518 1870 1742 1896 mereamur.
1756 1859 1827 1895 Per

1048 1910 1117 1945 has
1138 1920 1226 1955 ergo
1248 1908 1415 1944 rationes
1439 1907 1668 1953 impossibile
1698 1909 1768 1951 est,
1786 1907 1828 1942 ut

1050 1956 1184 2002 aliquis
1215 1957 1327 1992 homo
1355 1955 1402 1991 ad
1431 1965 1514 1990 eam
1540 1964 1757 1997 conversus,
1791 1955 1828 1989 et

1051 2004 1097 2040 ab
1119 2014 1163 2039 ea
1196 2006 1403 2049 respectus,
1425 2002 1637 2038 damnetur.
1661 2003 1828 2047 Namque

1051 2051 1131 2096 ipsa
1155 2051 1284 2096 genuit
1311 2060 1411 2093 eum,
1434 2059 1502 2095 per
1533 2059 1647 2095 quem
1679 2051 1829 2085 mortua

1052 2098 1240 2141 revivunt,
1265 2108 1332 2143 per
1353 2106 1464 2143 quem
1483 2096 1655 2133 homines
1675 2106 1718 2131 ex
1740 2104 1827 2142 pec-

1054 2149 1138 2182 cato
1159 2145 1352 2181 salvantur
1373 2155 1381 2179 :
1405 2143 1491 2188 quia
1511 2154 1587 2179 non
1610 2146 1667 2180 est
1681 2141 1829 2190 justifi-

1057 2192 1168 2237 catio,
1188 2192 1260 2228 nisi
1283 2201 1395 2238 quam
1414 2190 1497 2236 ipsa
1515 2190 1553 2227 in
1581 2193 1689 2227 utero
1710 2189 1827 2233 sovit;

1056 2250 1133 2275 non
1157 2243 1212 2275 est
1235 2239 1348 2283 salus,
1370 2238 1443 2276 nisi
1475 2248 1586 2284 quam
1605 2237 1687 2283 ipsa
1711 2246 1830 2282 pepe-

1056 2286 1118 2323 rit.
1141 2288 1225 2332 Ipsa
1250 2290 1307 2322 est
1341 2296 1431 2332 ergo
1461 2287 1578 2322 Mater
1593 2283 1831 2332 Justificanti-

1056 2339 1093 2370 et
1116 2333 1393 2380 justificatoris3
1415 2334 1498 2379 ipsa
1527 2335 1584 2368 est
1619 2332 1737 2368 Mater
1756 2329 1831 2366 sals

1057 2380 1180 2417 vantis
1203 2384 1239 2416 et
1255 2380 1470 2417 Salvatoris.
1489 2381 1607 2416 Mater
1619 2378 1734 2425 igitur
1746 2376 1830 2414 Dei-

1057 2427 1118 2474 qui
1150 2428 1248 2463 solus
1275 2428 1442 2472 damnat,
1473 2426 1536 2474 qui
1563 2425 1665 2463 solus
1696 2425 1828 2468 salvat,

1056 2485 1167 2520 quem
1179 2476 1299 2511 solum
1313 2474 1503 2526 timemus,
1516 2475 1552 2510 in
1569 2483 1644 2520 quo
1656 2473 1736 2510 solo
1751 2480 1830 2517 spe,

1056 2532 1198 2566 ramus,
1212 2526 1267 2558 est
1279 2526 1400 2558 mater
1409 2527 1556 2567 nostra;
1571 2521 1690 2558 Judex
1708 2518 1833 2557 etSal-

1057 2573 1162 2604 vator
1177 2572 1377 2614 noster-,est
1387 2569 1504 2606 frater
1518 2571 1660 2606 noster.
1673 2567 1830 2611 Quomo-

1056 2616 1103 2652 do
1126 2627 1214 2662 ergo
1236 2617 1492 2663 desperemus,
1512 2627 1597 2653 cum
1618 2615 1730 2659 salus,
1754 2612 1831 2649 sive

1057 2664 1250 2699 damnatio
1268 2669 1410 2707 nostra,
1434 2674 1477 2700 ex
1508 2663 1598 2700 boni
1633 2662 1773 2707 fratris,
1795 2665 1831 2698 et

1056 2710 1127 2756 piae
1161 2711 1291 2747 Matris
1314 2711 1475 2758 pendeat
1507 2709 1692 2749 arbitrio?
1721 2710 1831 2751 Num-

1056 2758 1146 2803 quid
1175 2758 1372 2795 sustinebit
1397 2759 1518 2800 bonus
1546 2759 1676 2795 Frater
1705 2756 1830 2804 puniri

1054 2804 1190 2840 fratres
1226 2815 1312 2841 suos
1343 2815 1436 2851 quos
1470 2804 1643 2848 redemit,
1665 2806 1711 2840 et*
1731 2804 1831 2840 bona
