1924 3157
661 149 710 182 uh·
749 149 899 183 FtNALt
939 150 1134 183 Jljlthltl.
1668 155 1722 186 30¹

85 219 163 254 haec
183 218 389 254 Anselmus.
413 219 486 254 lsta
503 228 591 263 crgo
615 217 741 254 omnia
763 230 861 264 pen-

83 269 225 309 santes,
258 264 478 311 evigilcmus
518 269 605 301 totis
643 265 797 310 viribus,
825 270 863 302 et

82 312 263 348 voluntati
282 313 347 348 Dei
360 312 676 356 obtemperantes.
693 313 862 350 remedia

82 370 317 406 quaeramus,
360 359 618 406 beneficiaque
653 360 716 396 Dei
762 360 861 397 circa

81 417 150 443 nos
170 410 424 453 recogitantes
443 406 591 443 assidue
615 409 765 453 peccata
786 411 858 444 stu-

79 454 236 490 deamus
257 464 325 500 pro
354 464 463 500 posse
486 453 618 495 vitare.
641 457 680 490 ut
716 454 859 500 judicio

81 500 133 537 illi
154 501 313 538 terribili
332 511 543 538 mereamus
561 501 681 538 securi
702 502 860 538 assiste—

78 559 132 585 re.
154 548 208 585 Ad
230 548 328 593 quod
349 549 444 585 bene
460 549 632 584 hortatur
651 559 719 584 nos
735 551 861 594 Anqu-

77 597 197 632 stinus
217 596 347 632 dicens
370 608 377 631 :
404 611 421 627 «
453 595 585 631 Melius
612 599 667 631 est
688 595 747 632 liic
770 607 859 643 par-

78 653 161 680 vam
182 642 474 679 amaritudinem
491 642 690 687 sustinere,
709 646 745 679 et
763 646 860 689 post-

79 701 122 726 ea
144 690 192 727 ad
219 694 399 727 aeternam
427 690 663 726 dulcedinem
686 690 856 736 perveni-

75 747 136 782 re;
150 748 263 783 quam
282 736 341 773 hic
356 737 497 774 habere
509 737 642 773 salsum
660 737 856 784 gaudium.

75 787 111 821 et
143 784 218 821 illic
258 784 449 831 suscipere
488 785 568 821 sine
604 784 679 820 sine
714 785 857 832 suppli-

74 831 188 869 cium.
215 846 228 864 n
260 833 305 868 Et
333 831 471 868 iterum
512 843 520 868 ε
558 844 576 866 «
604 832 756 868 Certum
786 836 856 877 est,

76 880 212 926 fratres
233 879 431 923 carissimi,
456 879 556 925 quod
575 878 605 915 si
626 889 775 926 semper
797 880 856 916 be-

75 926 212 964 neficia
232 927 298 964 Dei
329 926 464 971 nostri,
487 937 570 972 quae
598 926 720 972 nobis,
743 927 856 964 nullis

75 974 377 1020 praecedentibus
388 973 534 1011 meritis
549 974 701 1018 nostris,
721 974 857 1011 collata

75 1025 163 1057 sunt
176 1022 327 1058 assidue
345 1024 731 1068 rogita11i11s‚pcccata
747 1021 855 1059 nohis

73 1074 227 1106 autnon
249 1069 507 1113 dominantur,
525 1073 592 1105 aut
611 1070 642 1105 si
664 1069 759 1105 sorte
776 1079 854 1106 sur-

75 1115 277 1163 repserint,
301 1119 374 1152 cito
395 1127 462 1163 per
481 1115 747 1163 poenitentiam
770 1127 852 1153 eor-

74 1163 259 1210 riguntur.
282 1163 369 1208 Quis
387 1163 488 1199 enim
510 1164 566 1200 vet
589 1167 714 1200 mente
733 1164 854 1200 cenci-

73 1221 174 1256 pcre,
198 1222 273 1247 non
300 1212 425 1247 dicam
458 1211 584 1248 verbis
604 1210 722 1257 p‹·ssit
745 1222 852 1257 expo-

70 1269 174 1302 nere,
192 1262 335 1305 quanta
350 1258 449 1295 circa
470 1269 538 1294 nos
559 1261 647 1294 sunt
666 1258 852 1295 beneficia

69 1305 134 1342 Dei
161 1306 278 1343 nostri
293 1307 310 1342 ἱ)
324 1306 423 1343 Fecit
445 1305 548 1342 enim
564 1317 648 1350 nos,
671 1316 756 1342 cum
774 1317 851 1342 non

68 1363 238 1390 essemus
257 1365 264 1397 ;
286 1353 477 1399 reparavit
503 1364 570 1389 nos
594 1357 738 1400 postea,
766 1364 851 1391 cum

67 1401 306 1446 perissemus.
330 1403 488 1438 Mortem
509 1400 687 1447 suscepit,
707 1401 850 1447 pretie-

66 1458 108 1484 so
130 1459 199 1485 nos
218 1449 401 1496 sanguine
422 1448 609 1485 liberavit.
625 1449 681 1484 Ad
700 1448 851 1485 inferna

65 1495 274 1539 descendit,
304 1497 351 1533 de
389 1495 556 1533 saucibus
589 1507 659 1532 nos
696 1500 849 1532 aeternae

65 1543 197 1579 mertis
217 1543 380 1591 eripuit3
404 1543 584 1580 coelorum
604 1543 713 1579 nubis
734 1543 848 1580 etiam

63 1590 221 1636 praemia
236 1591 421 1638 promisit.
442 1593 527 1627 Haec
547 1590 689 1635 omnia,
713 1591 849 1627 fratres

64 1637 308 1681 dilectissimi,
331 1641 393 1686 pio
415 1643 452 1675 ct
468 1638 632 1684 benigno
647 1637 774 1675 animo
793 1649 849 1675 re-

64 1687 285 1731 cogitanteS,
319 1690 503 1733 quantum
531 1696 734 1732 possumus
762 1697 847 1723 cum

64 1732 184 1779 ipsius
201 1734 393 1780 adjutorio
414 1733 612 1770 beneticiis
633 1733 711 1769 suis
726 1733 846 1770 vicem

63 1781 272 1827 rependere
292 1781 524 1818 festinemus.
547 1782 628 1817 Non
645 1781 846 1818 reddamus

60 1828 160 1865 mala
180 1839 248 1876 pro
269 1828 402 1870 bonis;
428 1830 492 1865 sed
515 1832 697 1874 quantum
715 1839 846 1875 possu-

59 1886 155 1920 mus,
179 1876 363 1913 voluntati
380 1877 480 1913 illius
505 1878 771 1922 obtemperare
790 1876 844 1912 fi-

57 1923 193 1960 deliter
213 1924 448 1969 studeamus,
470 1925 559 1960 totis
578 1923 721 1960 virilius
742 1925 841 1960 inni-

57 1974 194 2015 tentes,
220 1978 260 2008 ut
280 1976 471 2019 praecepta
502 1971 620 2016 ipsius
639 1971 761 2018 magis
781 1983 845 2008 no-

58 2017 117 2055 bis
137 2018 288 2065 pariant
307 2019 354 2056 de
374 2023 606 2066 sequacitate
618 2019 842 2064 remedium,

59 2075 171 2111 quam
189 2068 234 2103 de
255 2066 761 2113 transgressionerdicium.
781 2068 843 2102 Et-

61 2115 174 2154 enim.
190 2113 281 2160 quid
299 2115 494 2159 faciemus,
511 2113 711 2159 carissimi,
728 2115 762 2150 in
779 2113 843 2150 illo

59 2162 261 2199 metuendo
282 2161 417 2210 judicii
438 2162 515 2207 die,
537 2171 621 2198 cum
645 2161 842 2207 Dominus,

57 2213 244 2246 tremente
262 2210 418 2254 mundo,
442 2208 734 2255 praecinentibus
762 2210 837 2246 An·

57 2257 230 2302 gelorum
264 2257 449 2303 buccinis,
472 2257 510 2293 in
537 2257 601 2294 illo
632 2257 842 2303 majestatis

56 2314 133 2340 suae
152 2305 304 2350 throno,
323 2305 577 2341 circumdatus
594 2304 757 2341 coelestis
776 2304 842 2340 mi-

55 2350 145 2387 litiae
170 2351 266 2395 luce,
288 2352 516 2397 consederit,
544 2352 671 2399 ibique
697 2352 744 2388 de
763 2355 840 2388 ter-

55 2409 107 2434 rae
128 2402 272 2445 gremio
294 2404 331 2437 et
354 2400 401 2437 de
424 2399 580 2446 antiquo
600 2399 755 2447 pulvere
775 2410 838 2436 su-

55 2447 189 2498 scitato
211 2447 379 2484 humano
403 2458 556 2494 genere,
577 2448 751 2484 adstante
783 2451 839 2483 te-

53 2493 233 2546 stimonio
254 2495 492 2531 conscientia:
512 2494 760 2540 singulorum,
775 2505 840 2541 po-

54 2541 134 2577 sitis
154 2541 192 2577 in
216 2545 416 2590 conspectu
439 2548 676 2588 peccatorum
699 2541 836 2589 poenis,

44 2589 315 2636 ⁴J'ustorumque
341 2590 521 2638 praemiis,
543 2589 729 2626 rationem
751 2589 836 2626 vitae

52 2636 659 2685 coeperitomnibuspostulare;et
671 2638 836 2684 plusJam

46 2683 176 2730 justus
214 2695 327 2732 quam
361 2684 594 2729 misericors,
634 2685 835 2722 severitate

50 2731 192 2768 Judicis
209 2737 435 2780 contemptae
457 2732 726 2770 misericordiae
748 2743 834 2769 reos

52 2779 206 2825 coeperit
227 2791 420 2827 accusare,
443 2785 478 2818 et
510 2780 634 2818 dicere
653 2792 661 2817 z
682 2781 759 2827 Ego
779 2785 830 2819 te.

936 230 957 254 e
979 219 1106 262 liouio,
1133 220 1178 254 de
1214 219 1302 255 liiiio
1326 220 1496 256 inanium
1519 231 1612 256 ineis
1633 222 1719 266 feci,

934 275 1004 310 ego
1015 266 1175 301 terrenis
1190 267 1344 303 artubus
1357 267 1504 304 infundi
1522 267 1717 315 spiritum3

935 323 1004 358 ego
1028 312 1095 348 tibi
1120 312 1325 358 imaginem
1350 318 1518 351 nostram
1542 314 1716 352 similitu-

933 359 1135 405 dinemque
1155 362 1325 397 conterre
1339 362 1515 405 dignatus
1534 373 1630 406 sum,
1647 374 1716 409 ego

932 410 968 443 te
987 406 1085 442 inter
1102 406 1266 453 paradisi
1281 408 1436 445 delicias
1451 409 1644 446 collocavi.
1661 412 1713 447 Tu

931 459 1072 497 autem,
1094 454 1223 490 vitalia
1255 456 1433 492 mandata
1454 461 1713 502 contemnens,

933 501 1175 547 deceptorem
1211 501 1316 547 sequi
1355 514 1468 548 quam
1516 505 1714 541 Dominum

933 547 1115 584 maluisti.
1139 550 1231 585 Cum
1259 550 1434 595 expulsus
1456 551 1502 587 de
1523 552 1713 598 paradi-0,

928 596 1014 642 jure
1036 597 1178 640 peccati
1199 596 1368 633 mortalis
1387 597 1545 635 vinculis
1565 602 1712 636 tenere-

933 641 998 688 ris,
1018 642 1240 689 virginali-m
1266 648 1430 689 uterum,
1453 646 1536 682 sine
1567 647 1650 693 disp
1666 658 1713 683 -η-

932 689 994 726 dio
1028 689 1272 737 virginitatis,
1313 691 1516 737 pariendus
1548 693 1712 730 introivi.

932 738 973 774 In
992 739 1176 792 praesepio
1199 740 1401 785 expositus,
1426 742 1464 776 et
1484 740 1619 787 pannis
1644 742 1713 778 ob-

930 785 1079 821 volutus
1107 786 1222 833 Jacui.
1265 786 1437 823 Insantiae
1467 789 1714 825 contumelias

930 832 1507 880 humanosquedolores,quibus
1528 834 1595 872 tibi
1614 836 1714 873 simi-

930 878 976 915 lis
999 880 1145 924 fierem,
1165 880 1213 916 ad
1234 880 1304 916 hoc
1325 881 1468 918 scilicet
1494 886 1534 918 ut
1553 887 1589 919 te
1624 883 1714 920 mihi

930 926 1092 963 similem
1111 928 1451 975 facerem,pertuli.
1470 930 1712 967 Irridentum

928 974 1075 1020 palmas
1095 978 1131 1011 et
1148 979 1258 1022 sputa
1275 976 1438 1023 suscepi,
1458 980 1606 1014 acetum
1629 989 1711 1015 cum

928 1021 1014 1058 t'elle
1033 1021 1124 1066 bibi;
1139 1022 1299 1069 flagellis
1314 1033 1448 1069 eaesus,
1461 1024 1640 1071 vepribus
1655 1037 1712 1062 co·

928 1073 1098 1115 renatus,
1127 1070 1260 1106 affixus
1294 1071 1412 1115 cruci,
1446 1071 1713 1119 perfossusque

927 1116 1098 1161 vulnere,
1121 1121 1163 1153 ut
1189 1121 1228 1154 tu
1259 1118 1460 1164 eripereris
1487 1119 1613 1163 morti,
1636 1121 1713 1156 aui-

930 1174 1029 1199 mam
1051 1163 1088 1200 in
1121 1164 1322 1201 tormentis
1346 1164 1482 1202 dimi-t.
1505 1167 1559 1202 En
1591 1167 1710 1203 clavo-

926 1221 1009 1247 rum
1039 1211 1210 1258 vestigia,
1240 1212 1376 1258 quibus
1410 1212 1541 1249 affixus
1571 1224 1711 1260 pepe]-

927 1258 988 1302 di;
1027 1270 1074 1295 en
1106 1260 1319 1305 perf2‚ssum
1351 1259 1569 1298 vulneribus
1599 1261 1709 1298 latus.

926 1306 1080 1353 Suscepi
1101 1307 1252 1343 dolores
1278 1310 1376 1351 tu‘os,
1399 1313 1438 1343 ut
1459 1308 1526 1345 tibi
1550 1308 1710 1355 gloriam

925 1363 1050 1390 meam
1066 1354 1209 1391 darem.
1232 1355 1383 1401 Suscepi
1412 1359 1572 1392 mortem
1593 1363 1709 1401 tunm,

925 1404 965 1437 ut
989 1404 1028 1437 tu
1060 1402 1098 1437 in
1133 1405 1316 1438 {eternum
1341 1404 1499 1440 viveres.
1527 1404 1710 1441 Conditus

919 1448 1022 1494 jacui
1048 1447 1087 1485 in
1109 1449 1322 1496 sepulchro,
1353 1454 1392 1486 ut
1417 1453 1458 1486 tu
1490 1461 1710 1498 resurgeres

923 1496 961 1531 in
976 1496 1084 1532 coelo.
1105 1497 1192 1541 Cur,
1209 1497 1312 1544 quod
1330 1507 1397 1543 pro
1413 1501 1449 1534 te
1461 1499 1615 1545 pertuli,
1628 1510 1709 1545 per—

923 1542 1076 1579 didisti?
1112 1544 1201 1589 Cur,
1237 1543 1400 1590 ingrate,
1438 1545 1708 1593 redemptionis

923 1594 995 1626 tuae
1016 1602 1177 1629 munera
1198 1591 1356 1628 renuisti
1373 1592 1563 1630 {PNontibi
1577 1604 1646 1640 ego
1662 1595 1709 1631 de

921 1642 1042 1674 morte
1057 1650 1142 1676 mea
1163 1649 1313 1686 queror.
1332 1639 1460 1676 Redde
1481 1641 1571 1677 milii
1595 1642 1707 1678 vitam

920 1687 1040 1730 tuam,
1079 1697 1147 1733 pro
1187 1696 1262 1733 qua
1299 1697 1424 1724 meam
1456 1687 1555 1725 dedi.
1576 1689 1704 1726 Redde

919 1732 1011 1768 mihi
1045 1735 1161 1771 vitam
1191 1738 1312 1779 tuam,
1345 1745 1459 1781 quam
1488 1735 1706 1773 vulneribus

918 1785 1162 1826 peccatorum
1182 1781 1443 1818 indesinenter
1461 1783 1612 1819 occidis.
1634 1785 1707 1821 Cur

918 1828 1194 1873 habitaculum,
1209 1829 1310 1875 quod
1331 1828 1368 1865 in
1390 1834 1427 1866 te
1449 1840 1702 1876 sacraverant,

918 1875 1077 1912 luxuriae
1110 1877 1285 1913 sordibus
1305 1876 1499 1923 polluisti?
1518 1878 1593 1914 Cur
1625 1890 1704 1915 cer-

918 1933 985 1969 pus
1001 1924 1081 1970 jam
1103 1935 1242 1963 mcum.
1266 1924 1531 1962 illecebrarum
1545 1928 1703 1973 turpitu-

917 1970 1006 2007 dine
1025 1971 1247 2009 maculasti?
1267 1972 1340 2009 Cur
1361 1972 1558 2019 meipsum.
1583 1974 1707 2010 crimi-

916 2029 1007 2054 num
1027 2022 1179 2056 tuorum
1199 2030 1310 2056 cruce
1330 2019 1518 2066 graviore,
1533 2031 1645 2067 quam
1663 2022 1703 2058 il-

917 2065 953 2102 la
972 2067 1008 2101 in
1029 2077 1104 2112 qua
1121 2068 1314 2116 quondam
1335 2067 1603 2114 pependeram,
1623 2070 1703 2106 affi—

916 2112 1000 2149 xisti
1015 2113 1034 2150 ‘2
1051 2114 1209 2151 Gravior
1230 2116 1331 2152 enim
1363 2116 1462 2162 apud
1484 2126 1543 2152 me
1566 2127 1702 2163 pecca-

917 2163 1041 2197 torum
1066 2165 1219 2199 tuorum
1249 2173 1338 2199 crux
1372 2165 1443 2207 est,
1472 2162 1508 2199 in
1529 2173 1603 2210 qua
1624 2166 1703 2200 vin-

916 2211 998 2245 ctus
1026 2210 1189 2255 pendeo,
1231 2220 1346 2257 quam
1383 2209 1449 2246 illa
1471 2208 1510 2246 in
1542 2221 1616 2257 qua
1645 2211 1697 2248 tui

915 2257 1090 2293 misertus
1124 2260 1288 2294 mortem
1326 2261 1430 2294 tuam
1458 2257 1645 2295 occi<urus
1664 2271 1700 2295 a-

915 2303 1059 2340 scendi.
1101 2304 1193 2341 Cum
1230 2315 1355 2341 essem
1392 2303 1696 2352 impassibilibis‚

914 2361 982 2398 pro
1000 2355 1036 2387 te
1058 2354 1134 2404 pati
1156 2351 1335 2398 dignatus
1356 2362 1453 2388 sum.
1478 2353 1548 2388 Sed
1569 2356 1608 2388 tu
1633 2356 1698 2390 de-

913 2398 1066 2445 spoxisti
1093 2402 1129 2435 in
1152 2399 1305 2435 homine
1328 2400 1459 2441 Deum,
1482 2399 1521 2435 in
1547 2399 1695 2437 inferno

913 2445 1087 2490 salutem,
1124 2447 1162 2483 in
1193 2446 1252 2483 via
1278 2446 1458 2491 reditum,
1500 2446 1540 2483 in
1565 2448 1694 2485 Judicc

912 2496 1075 2537 veniam,
1096 2493 1134 2530 in
1157 2504 1267 2530 cruce
1289 2497 1419 2539 vitam,
1440 2496 1476 2530 in
1503 2495 1695 2541 suppliciis

912 2541 1154 2578 medicinam.
1178 2543 1220 2577 Et
1242 2540 1331 2588 quia
1353 2546 1436 2588 post
1463 2543 1591 2578 emnia
1621 2554 1696 2580 ma·

911 2588 945 2625 la
972 2592 1038 2625 tua
1073 2590 1120 2625 ad
1149 2589 1428 2627 medicamenta
1463 2591 1693 2637 poenitentizc

911 2637 1114 2684 confugere
1144 2636 1312 2682 noluisti,
1343 2638 1391 2675 ab
1427 2637 1559 2674 auditu
1596 2640 1694 2675 malo

909 2695 983 2720 non
1007 2685 1216 2722 mereberis
1254 2684 1408 2723 liberari
1433 2695 1441 2721 ε
1474 2700 1488 2718 ι»
1517 2685 1598 2722 haec
1619 2688 1694 2722 Au-

907 2733 1120 2776 qustinus.»

962 2795 1000 2816 ιο
1022 2781 1120 2816 lexis
1149 2792 1310 2819 iunicum
1346 2794 1555 2819 PRAECEani
1588 2793 1691 2818 ιιιυυ
