1924 3157
177 252 237 286 326
812 251 942 287 INDEX
983 253 1172 287 CAPITUM

200 325 221 360 5
241 321 441 369 Apostolos
469 319 584 356 mittit
613 320 661 356 ad
699 320 838 367 praedi-
1074 325 1186 368 atque
1203 320 1331 357 omnia
1347 320 1436 356 facit
1452 319 1712 366 acceptabilia.
1731 323 1798 357 258

224 368 388 406 candum
427 367 609 404 Gentibus
647 369 684 403 et
713 367 836 415 bapti·
1053 372 1072 405 5
1093 368 1287 412 Quomodo
1326 366 1496 404 Christus
1537 376 1687 414 semper

222 425 345 453 smum
365 415 656 452 conserendum.
888 419 955 454 258
1076 419 1134 453 est
1153 425 1322 462 praesens
1341 414 1382 450 in
1400 413 1580 450 Ecclesia.
1737 418 1805 462 259

196 466 219 508 4
234 462 381 500 Caritas
391 463 512 508 legem
526 464 643 498 totam
657 461 838 510 adimplet
1053 466 1074 500 6
1094 465 1113 500 J
1117 462 1317 500 ucunditas
1336 461 1621 508 Apostolorum.
1740 465 1807 506 240

250 587 399 624 CAPUT
419 586 628 623 LXXXI.—-
647 587 827 634 Epiloqus
846 587 1122 634 apparitionum
1140 588 1288 624 Domini
1306 588 1392 633 post
1410 587 1737 624 Resurrectionem.

208 697 220 720 1
242 683 426 719 Numerus
443 680 723 728 apparitionum
740 681 843 718 Chri·
1081 692 1167 729 que,
1189 681 1255 717 sed
1276 680 1432 717 testibus
1459 679 1695 727 praeordina-

226 729 274 766 sti
300 732 337 766 et
359 733 585 775 argumenta
611 730 747 775 quibus
767 731 840 765 Re·
1079 730 1128 765 tis
1153 728 1327 775 apparuit
1347 728 1530 764 Christus.
1743 730 1809 772 245

229 776 504 813 surrectionem
527 776 799 822 comprobavit.
897 780 961 821 241
1057 780 1080 821 4
1099 775 1364 823 Apparitiones
1395 775 1544 812 Domini
1571 785 1692 811 mora-

209 838 226 860 2
249 825 322 861 Cur
339 823 517 861 Ascensio
541 822 693 860 Domini
728 822 848 860 dilata
1080 824 1166 860 liter
1185 822 1358 860 fidelibus
1375 823 1586 869 applicatae.
1745 825 1811 866 245

230 870 357 908 fuerit.
898 874 966 915 242
1060 873 1079 907 5
1115 870 1445 918 Quinquagesimae
1502 869 1693 918 paschalis

203 923 224 957 5
244 920 327 957 Non
346 917 488 965 iniquis
509 929 579 955 nec
599 918 845 965 quibuscum·
1082 918 1265 965 gaudium
1290 921 1328 955 et
1349 916 1516 955 devotio.
1744 920 1811 961 244

344 1043 496 1081 CAPUT
522 1043 692 1080 LXXXII.
715 1063 760 1070 —
778 1044 830 1078 De
849 1043 1070 1080 Ascensione
1087 1043 1235 1080 Domini
1250 1042 1369 1079 nostri
1387 1043 1473 1079 Jesu
1491 1041 1644 1081 Christi.

203 1155 215 1177 1
240 1138 422 1176 Ultimum
452 1137 600 1175 Domini
630 1137 669 1173 in
700 1137 839 1174 coelum
1035 1152 1071 1175 11
1094 1137 1273 1174 Ascendit
1289 1137 1470 1174 Dominus
1490 1136 1530 1173 in
1550 1137 1688 1174 coelum

220 1185 416 1224 ascensuri
434 1185 668 1222 convivium.
891 1186 957 1228 245
1077 1185 1232 1232 propria
1251 1185 1404 1230 virtute,
1426 1195 1502 1221 non
1521 1184 1691 1221 subsidio

201 1249 218 1272 2
240 1233 408 1281 Apostoli
430 1233 632 1269 mittuntur
659 1231 841 1279 praedica-
1078 1232 1217 1269 alieno.
1743 1235 1809 1269 255

224 1285 306 1318 tum
323 1280 426 1317 omni
448 1283 646 1317 creaturae.
893 1281 960 1323 246
1035 1294 1074 1317 12
1096 1279 1326 1325 Angelorum
1364 1277 1548 1325 apparitio
1568 1308 1579 1324 ‚
1626 1279 1691 1326 qui

202 1332 223 1366 5
244 1329 355 1365 Nulla
387 1329 488 1364 salus
525 1326 606 1363 sine
641 1326 731 1370 fide,
756 1337 842 1373 quae
1078 1326 1258 1364 nuntiant
1296 1326 1486 1363 Christum
1517 1325 1692 1372 judicare

224 1375 406 1413 tamenin
425 1385 537 1421 opere
553 1373 701 1410 ostendi
715 1374 839 1410 debet.
895 1377 959 1421 247
1079 1378 1276 1410 venturum
1309 1373 1349 1410 in
1368 1374 1491 1409 forma
1509 1374 1688 1410 humana.
1743 1377 1809 1411 255

203 1427 225 1468 4
248 1423 365 1470 Signa
387 1421 684 1469 praedicantibus
705 1424 742 1457 et
762 1432 843 1458 cre-
1036 1425 1075 1460 15
1095 1423 1173 1466 Quo
1194 1422 1306 1457 modo
1335 1420 1503 1467 Apostoli
1522 1420 1689 1467 regressi

228 1471 406 1507 dentibus
427 1469 628 1516 promissa.
896 1472 961 1515 247
1080 1472 1168 1506 sunt
1188 1469 1227 1505 in
1243 1469 1468 1505 Jerusalem.
1741 1472 1808 1514 254

210 1521 229 1554 5
248 1517 456 1554 Promissio
507 1515 667 1563 Spiritus
718 1516 845 1553 Sancti
1035 1521 1077 1562 14
1102 1517 1268 1562 vestigia
1287 1527 1310 1552 a
1330 1515 1477 1552 Christo
1498 1514 1537 1551 iu
1562 1518 1691 1553 monte

232 1565 421 1612 Apostolis
440 1565 551 1601 facta.
895 1566 962 1607 248
1079 1564 1212 1601 Oliveti
1234 1563 1379 1600 relicta.
1743 1566 1808 1600 255

211 1617 232 1650 6
250 1614 468 1650 Educuntur
483 1610 657 1658 discipuli
677 1610 725 1647 ad
739 1622 845 1649 mon·
1036 1615 1074 1649 15
1093 1612 1285 1657 Jejunium
1305 1615 1343 1648 et
1360 1610 1552 1648 orationes
1583 1609 1693 1647 disci-

231 1663 309 1697 tem
330 1659 479 1697 Oliveti.
895 1662 961 1707 249
1077 1659 1263 1705 pulcrum.
1741 1661 1808 1695 255

206 1724 226 1755 7
244 1708 409 1752 Quaestio
429 1708 528 1744 facta
544 1707 590 1744 de
605 1706 844 1744 restitutione
1035 1711 1075 1744 16
1098 1707 1276 1743 Ascendit
1311 1707 1356 1742 ad
1395 1706 1531 1742 coelum
1567 1716 1691 1752 empy-

233 1755 341 1801 regni
365 1755 494 1792 Israel.
895 1757 962 1790 250
1078 1765 1185 1790 reum
1208 1753 1402 1799 Dominus,
1421 1754 1485 1790 ubi
1505 1765 1526 1790 a
1545 1753 1687 1790 dextris

209 1806 230 1839 8
250 1802 467 1839 Benedictio
485 1801 635 1839 Domini
654 1801 844 1848 Apostolis
1079 1801 1145 1838 Dei
1169 1802 1286 1837 sedet.
1742 1804 1809 1838 256

231 1851 332 1887 data.
895 1851 958 1886 251
1036 1864 1075 1896 ¹7
1096 1848 1242 1885 Laetitia
1263 1849 1426 1884 coelestis
1444 1849 1570 1886 curiae.
1742 1851 1808 1896 257

149 1922 153 1924 ἡ
211 1914 232 1945 9
247 1898 441 1941 Quomodo
457 1897 505 1933 ad
518 1896 655 1932 coelum
675 1895 844 1933 ascendit
1036 1900 1076 1932 18
1096 1895 1351 1932 Solemnitatis
1365 1896 1602 1933 Ascensionis
1615 1907 1692 1934 ma-

232 1945 417 1989 Christus,
445 1948 482 1980 et
506 1955 571 1980 cur
593 1945 634 1979 B.
657 1945 699 1980 V.
727 1942 844 1979 Maria
1079 1943 1251 1988 gnitwlo.
1741 1946 1806 1990 257

231 2003 309 2028 non
331 1991 442 2028 simul
465 1994 660 2037 assumpta
682 1991 819 2026 fuerit?
894 1994 957 2027 251
1037 2006 1076 2038 19
1098 1992 1168 2027 Cor
1190 1994 1360 2026 nostrum
1383 1991 1591 2028 ascendere
1628 1990 1690 2027 de-

190 2054 230 2076 10
263 2040 418 2076 Patrum
448 2038 648 2075 comitatus
674 2041 711 2074 et
737 2037 844 2084 spiri·
1079 2039 1140 2073 bet
1164 2049 1247 2074 cum
1268 2037 1429 2074 Christo.
1741 2041 1808 2075 258

231 2089 336 2124 tuum
355 2086 566 2124 eoelestium
587 2096 778 2122 occursus.
895 2090 960 2122 252
993 2090 998 2126 l
1033 2099 1075 2122 20
1103 2085 1346 2122 Ascensionis
1369 2085 1521 2122 Domini
1542 2086 1687 2134 figurae.
1741 2089 1808 2134 259

261 2212 412 2250 CAPUT
432 2212 618 2249 LXXXIII.
640 2231 685 2239 —
702 2213 754 2248 De
771 2211 973 2258 Scripturae
990 2213 1230 2256 Evanqelicae‚
1248 2221 1290 2247 ac
1309 2211 1396 2257 fidei
1410 2213 1481 2256 fine
1500 2214 1535 2247 et
1553 2212 1728 2248 utilitate.

209 2323 221 2345 1
246 2306 383 2344 Omnia
402 2307 501 2343 sacta
527 2309 564 2342 et
583 2305 686 2343 dicta
704 2305 844 2343 Christi
1056 2323 1076 2354 7
1100 2307 1267 2350 Quatuor
1281 2305 1607 2351 Evangelistarum
1623 2305 1690 2342 dif-

227 2365 307 2390 non
328 2357 415 2390 sunt
435 2353 590 2400 scripta.
895 2356 962 2401 259
1079 2352 1506 2399 ferentiae,intentiones
1517 2357 1631 2400 atque
1647 2353 1687 2388 fi-

205 2416 222 2439 2
244 2402 333 2445 Quae
354 2404 480 2438 autem
511 2400 651 2448 scripta
685 2403 772 2438 sunt
795 2401 844 2437 ad
1078 2411 1196 2448 gurae.
1741 2405 1806 2439 265
1843 2410 1846 2411 ’

226 2448 342 2485 fidem
381 2448 625 2485 astruendam
665 2451 701 2485 et
747 2448 845 2485 salu·
1054 2452 1075 2485 8
1099 2448 1297 2484 Matthaeus
1328 2449 1464 2494 probat
1499 2447 1688 2485 Christum

223 2499 301 2532 tem
325 2496 634 2542 consequendam
652 2495 826 2532 tendunt.
894 2498 960 2532 260
1077 2506 1160 2532 esse
1182 2494 1369 2531 Messiam.
1739 2499 1806 2540 264

202 2546 222 2579 5
244 2543 298 2578 De
335 2543 512 2588 symbolis
550 2543 655 2588 fidei,
681 2553 842 2589 praeser-
1053 2559 1074 2591 9
1096 2544 1242 2579 Marcus
1260 2543 1396 2589 probat
1416 2544 1509 2579 Eum
1532 2553 1616 2579 esse
1632 2552 1690 2579 re-

223 2590 294 2626 tim
340 2590 388 2626 de
426 2590 595 2636 symbolo
640 2591 841 2637 Apostolo-
1076 2600 1161 2636 gem
1179 2589 1365 2626 omnium.
1738 2593 1803 2626 265

224 2646 328 2674 rum.
893 2641 956 2674 261
1033 2652 1073 2674 10
1092 2639 1210 2673 Lucas
1230 2638 1363 2682 probat
1379 2638 1472 2673 Eum
1500 2647 1584 2674 esse
1604 2636 1685 2674 Sal-

200 2688 222 2729 4
242 2685 395 2731 Septem
417 2683 566 2720 articuli
587 2684 636 2721 ad
657 2683 840 2721 divinita-
1075 2687 1243 2720 vatorem
1260 2684 1470 2720 hominnm.
1735 2687 1802 2721 266

222 2735 298 2768 tem
319 2734 551 2778 spectantes.
894 2736 953 2767 26l
1032 2747 1067 2767 11
1101 2733 1266 2767 Joannes
1298 2743 1386 2768 vero
1420 2731 1558 2778 probat
1589 2732 1680 2767 Eum

200 2783 218 2814 5
242 2779 396 2825 Septem
435 2778 583 2814 articuli
627 2779 673 2814 ad
711 2779 841 2814 huma-
989 2781 997 2859 i
1076 2789 1158 2814 esse
1174 2777 1307 2814 Filium
1333 2779 1410 2814 Dei.
1736 2783 1799 2825 267

224 2825 382 2862 nitatem
405 2825 543 2862 Christi
561 2829 789 2872 spectantes.
891 2830 956 2862 262
1031 2839 1070 2862 12
1093 2825 1295 2871 Evangelia
1313 2828 1580 2872 comparantur
1601 2835 1681 2862 sca-

197 2877 216 2907 e·
239 2872 498 2910 Articulorum
520 2872 751 2910 conditores.
893 2876 958 2909 265
989 2860 997 2906 ί
1074 2872 1120 2909 1ae
1140 2873 1270 2909 Jacob.
1732 2876 1799 2909 268
