1924 3157
180 177 238 212 3'14
380 177 518 211 INDEX
555 176 712 211 EYANG.
751 176 853 211 DOM.
893 180 941 214 ET
977 178 1212 214 FESTORUM
1249 179 1407 213 TOTIUS
1446 179 1570 212 ANNI.

282 250 332 284 De
352 248 539 294 Apostolis
555 248 660 283 Petro
678 250 712 284 et
728 248 857 286 Paulo.

179 307 272 343 Ecce
307 317 375 342 nos
419 305 644 353 reliquimus
690 306 843 355 omnia,
885 310 955 346 etc.

226 355 361 390 Matth.
390 368 444 400 19·
467 356 506 389 P.
528 353 578 399 ΙΙ,
601 365 637 390 e.
663 357 716 391 15.

380 415 426 448 De
447 414 592 459 Spiritu
613 413 760 451 Sancto.

1185 249 1248 286 Act
1266 249 1464 286 tollendum
1483 249 1654 286 schisma.

1034 309 1145 344 Pater
1175 309 1323 352 Sancte,
1352 318 1459 344 serva
1486 318 1563 349 θος.
1597 308 1632 344 in
1660 307 1812 345 nomine

1079 358 1157 400 tuo,
1179 359 1248 392 etc.
1270 358 1374 392 Joan.
1401 370 1455 402 17.
1479 355 1520 391 P.
1538 354 1590 400 ΙΙ,
1611 365 1642 392 e.
1662 357 1720 403 57.

1143 416 1212 451 Pro
1236 425 1451 462 quacunque
1471 416 1698 451 necessitate.

179 470 217 509 Si
238 472 319 517 quis
349 471 472 517 diligit
493 482 567 515 me,
590 483 804 509 sermonem
831 484 957 510 meum
1032 476 1173 512 Habete
1196 475 1312 512 fidem
1335 474 1418 522 Dei,
1443 476 1514 510 etc.
1537 476 1655 512 Marc.
1687 488 1741 511 11.
1767 474 1808 511 P.

225 518 403 563 servabit,
426 522 496 554 etc.
519 521 622 557 Joan.
648 523 701 564 14.
720 521 759 557 P.
778 521 825 564 II,
847 532 877 558 e.
897 525 953 569 57.

271 579 322 613 De
346 579 590 614 Eucharistiae
609 580 855 616 Sacramento.

179 637 274 674 Caro
304 648 387 674 mea
414 649 502 674 vere
529 642 586 675 est
606 638 724 681 cibus,
752 642 822 678 etc.
850 641 953 677 Joan.

227 688 260 722 6,
285 686 326 722 P.
346 684 374 730 I,
401 696 432 722 C.
455 701 513 733 70.

389 746 439 780 De
461 745 596 781 Sancta
619 746 741 782 Crzcce.

177 802 389 848 Assumpsit
419 804 528 839 Jesus
561 804 761 839 duodecim
790 803 954 850 discipu-

221 849 278 885 los
306 853 463 896 secreto,
493 855 563 888 etc.
588 852 721 887 matth.
753 865 809 887 20.
831 852 872 887 P.
902 851 953 898 ΙΙ,

224 907 254 932 c.
279 910 336 934 21.

315 959 366 992 De
383 959 556 993 Pccssione
578 960 621 993 D.
647 960 694 996 N.
718 960 752 995 J.
774 960 811 996 G.

173 1015 297 1052 Sciens
313 1017 423 1051 Jesus
450 1016 537 1062 quIa
558 1016 686 1053 onmia
708 1028 952 1054 consumma-

220 1066 257 1098 ta
284 1066 382 1109 suut,
409 1066 599 1100 etc.Joun.
626 1080 682 1112 19.
710 1065 751 1101 P.
779 1064 829 1111 ΙΙ,
852 1076 883 1102 e.
909 1069 952 1101 65

218 1114 252 1146 et
277 1114 334 1154 (34.

173 1171 224 1205 De
246 1171 381 1206 Sancta
406 1172 543 1215 Maria,
570 1172 616 1206 ab
641 1172 814 1209 Adventu
840 1185 954 1220 usque

324 1217 372 1254 aci
391 1219 633 1256 Nativitatem
653 1222 812 1259 Domini.

172 1275 304 1312 Missus
337 1280 392 1313 est
427 1279 592 1322 Angelus
623 1279 773 1316 Gabriel
806 1291 828 1317 a
858 1282 950 1328 Deo,

220 1326 290 1360 etc.
313 1327 397 1361 Luc.
427 1340 457 1361 1.
482 1327 523 1361 P.
544 1325 594 1371 ΙΙ,
618 1337 651 1363 c.
671 1330 704 1362 5.

272 1384 375 1429 Item,
396 1394 418 1418 α
438 1385 643 1421 Nativitate
662 1395 777 1430 usque
796 1387 844 1422 ad

420 1432 730 1476 christeationem.

174 1489 422 1526 Transeamus
454 1501 571 1537 usque
608 1491 842 1538 Bethlehem,
878 1496 948 1532 etc.

216 1537 301 1573 Luc.
323 1551 354 1574 2.
378 1538 419 1574 P.
443 1537 472 1583 I,
498 1549 515 1573 c
550 1555 584 1586 9.

167 1596 268 1641 Item,
284 1608 306 1632 ct
319 1598 577 1642 Purificotione
595 1609 708 1644 usque
723 1601 773 1635 ad
790 1602 930 1638 Pascha
940 1614 949 1649 ;

309 1647 342 1679 et
360 1655 382 1679 α
402 1646 611 1681 Pentecoste
630 1657 744 1692 usque
763 1649 812 1683 ad

450 1692 671 1731 Adventum.

167 1747 354 1784 Extollens
382 1761 511 1787 vocem
540 1753 713 1798 quaedam
742 1754 876 1791 mulier
899 1755 945 1794 de

215 1796 339 1840 turba,
363 1800 433 1834 etc.
452 1800 538 1836 Luc.
567 1815 620 1837 11.
646 1801 686 1836 P.
710 1800 740 1846 I,
761 1812 792 1838 c.
816 1805 874 1848 75.

306 1858 408 1903 Item,
428 1870 450 1893 ιι
466 1861 607 1895 Pascha
623 1871 736 1907 usque
757 1863 807 1898 ad

432 1908 676 1945 Pentecosten.

168 1963 325 2000 Stabant
356 1965 462 2010 juxta
505 1976 651 2002 crucem
701 1969 789 2004 Jesu
827 1971 945 2008 Mater

214 2011 308 2056 ejus,
330 2017 399 2048 etc.
419 2015 523 2049 Joczn.
549 2030 601 2061 19.
626 2015 667 2051 P.
684 2015 733 2061 ΙΙ,
755 2027 787 2052 e.
814 2021 870 2054 65.

236 2071 305 2105 Pro
327 2072 490 2115 eligyenclo
510 2074 657 2109 Summo
677 2077 864 2122 Pontifice.

167 2127 204 2164 Si
227 2127 382 2174 diligitis
405 2142 478 2176 me,
503 2133 681 2169 mandata
705 2145 787 2171 mea
814 2147 940 2175 serva-

213 2179 263 2220 te,
289 2181 359 2213 etc.
381 2180 488 2215 Joan.
515 2183 568 2224 14.
593 2181 635 2217 P.
660 2180 710 2226 ΙΙ,
732 2193 762 2219 e.
787 2187 846 2231 57.

257 2237 299 2271 In
317 2238 567 2274 anniversario
585 2240 770 2277 electionis
788 2253 850 2279 seu

306 2288 587 2322 consecrationis
609 2289 799 2335 Episcopi.

163 2339 307 2384 Videte,
335 2340 487 2386 vigilate
513 2346 550 2379 et
575 2349 695 2390 orate,
722 2349 793 2383 eto.
822 2349 937 2386 Marc.

214 2390 266 2422 15.
290 2389 329 2424 P.
355 2388 405 2434 II,
429 2400 461 2427 C.
484 2393 543 2434 44.

1079 522 1129 569 ΙΙ,
1152 533 1183 560 c.
1205 526 1242 567 4.

1138 584 1208 619 Pro
1225 584 1434 618 remissione
1452 583 1696 628 peccatorum.

1031 640 1150 678 Petite
1171 645 1207 677 et
1230 639 1381 678 dabitur
1399 638 1519 685 vobis,
1543 640 1615 676 etc.
1636 639 1723 676 Luc.
1752 652 1807 676 ιι.

1081 689 1121 725 Ρ.
1138 688 1169 733 Ι,
1190 699 1222 724 C.
1242 692 1300 736 59.

1137 747 1199 783 Ad
1215 747 1408 794 petendam
1428 748 1590 791 qratiam
1611 745 1696 781 bene

1320 795 1514 831 moriendi.

1028 851 1217 888 Attendite
1245 851 1366 896 vobis,
1396 862 1441 887 ne
1476 851 1573 886 forte
1599 851 1808 895 graventur

1077 899 1204 945 corda,
1221 902 1291 936 ete.
1312 902 1398 935 Luc.
1420 912 1475 935 21.
1494 900 1534 934 P.
1556 896 1608 942 ΙΙ,
1630 907 1661 933 e.
1681 898 1742 940 44.

1255 965 1386 1001 Contra
1405 973 1585 1009 pagane&

1028 1021 1117 1066 Quis
1145 1026 1311 1058 vestrum
1341 1021 1496 1058 habebit
1528 1020 1703 1066 amicum,
1734 1021 1805 1057 etc.

1074 1072 1160 1106 Luc.
1193 1085 1246 1106 ιι.
1271 1072 1309 1106 P.
1334 1070 1365 1115 Ι,
1389 1081 1420 1106 C.
1443 1073 1501 1117 59.

1268 1135 1438 1180 Tempore
1469 1133 1568 1170 belli.

1027 1192 1092 1228 Dic
1126 1192 1232 1229 nobis
1266 1193 1414 1240 quando
1449 1192 1530 1228 haec
1567 1192 1692 1236 erunt,
1731 1189 1803 1226 etc.

1073 1242 1209 1277 Metili.
1230 1244 1287 1285 24.
1310 1243 1351 1276 P.
1377 1239 1428 1286 ΙΙ,
1450 1250 1483 1277 c.
1504 1242 1565 1286 59.

1321 1301 1390 1335 Pro
1410 1308 1513 1345 pace.

1027 1357 1119 1394 Cum
1140 1369 1224 1394 sero
1247 1362 1356 1402 esset,
1384 1359 1444 1394 die
1466 1357 1545 1403 illo,
1566 1366 1645 1393 una
1667 1355 1802 1393 sabba—

1072 1408 1217 1451 torum,
1241 1410 1312 1442 ete.
1332 1408 1437 1443 Jocm.
1467 1419 1524 1442 20.
1553 1407 1592 1443 P.
1617 1403 1668 1450 11,
1689 1414 1721 1441 c,
1741 1418 1800 1451 77.

1071 1472 1141 1506 Pro
1159 1471 1314 1506 vitanda
1331 1471 1578 1514 mortalitat65
1598 1469 1655 1505 vel
1670 1471 1756 1505 tem-

1248 1529 1335 1564 pore
1349 1519 1580 1565 pestilentiae.

1028 1577 1379 1668 SUZgPHSIJeSUZ'de
1400 1586 1606 1625 synagoga,
1625 1577 1694 1611 etc.
1710 1575 1798 1612 Luc.

1100 1651 1108 1660 .
1160 1653 1168 1661 .
1206 1653 1217 1667 ,
1239 1635 1270 1662 e.
1317 1638 1351 1661 ο.

1276 1685 1345 1720 Pro
1371 1685 1540 1730 infirmis.

1027 1745 1117 1781 Cum
1153 1743 1344 1780 introisset
1381 1745 1488 1780 Jesus
1521 1743 1799 1789 Capharnaum‚

1072 1791 1242 1836 accessit,
1264 1794 1334 1828 ete.
1356 1792 1490 1828 Matth.
1509 1794 1542 1827 8.
1566 1792 1606 1827 Ρ.
1629 1790 1660 1835 Ι,
1684 1801 1715 1826 e.
1738 1793 1797 1834 42.

1116 1859 1184 1893 Pro
1199 1857 1536 1904 peregrinantibus,
1556 1857 1614 1892 vei
1632 1857 1706 1892 iter

1305 1904 1510 1949 clyentibus.

1019 1966 1158 2001 Euntes
1180 1962 1397 2010 praedicate,
1424 1963 1591 1999 dieentes
1618 1962 1706 2009 quia
1724 1971 1798 2009 ap-

1064 2010 1342 2094 pr05pinquavit‚
1369 2014 1439 2048 etc.
1468 2011 1602 2049 Matth.
1631 2013 1665 2046 8.
1694 2011 1734 2046 Ρ.
1761 2008 1794 2052 Ι,

1066 2070 1096 2095 e.
1150 2074 1179 2095 1.

1192 2120 1260 2154 Pro
1282 2127 1413 2164 sponso
1433 2120 1467 2154 et
1486 2127 1634 2164 sponsa.

1017 2177 1055 2215 Si
1090 2176 1178 2213 licet
1212 2177 1357 2213 homini
1397 2177 1586 2213 dimittere
1624 2185 1794 2222 uxorem,
1864 2201 1866 2203 ψ

1064 2227 1134 2261 etc.
1154 2226 1287 2261 Matth.
1316 2240 1371 2273 19.
1391 2226 1433 2262 P.
1456 2224 1503 2270 II,
1519 2235 1550 2261 C.
1576 2239 1630 2260 10.

1151 2290 1165 2305 *
1185 2292 1254 2326 Pro
1274 2291 1361 2336 fidei
1377 2291 1658 2337 propaqatione.

1014 2348 1202 2386 Circuibat
1220 2351 1329 2386 Jesus
1346 2360 1476 2386 omnes
1495 2348 1663 2386 civitates
1680 2352 1718 2386 et
1733 2359 1792 2386 ca-

1060 2397 1180 2442 stella,
1203 2399 1274 2434 etc.
1296 2398 1428 2435 Matth.
1453 2408 1485 2434 e.
1508 2413 1542 2445 9·
1565 2397 1606 2435 P.
1626 2397 1658 2443 I,
1679 2407 1712 2434 e.
1729 2400 1790 2434 50.
