1924 3157
189 157 245 190 :32⁶2
825 153 961 187 INDEX
1001 152 1189 187 CAPI'rt'M

377 275 526 313 CAPUT
548 274 649 311 LXV.
674 292 718 300 —
737 275 787 309 De
805 274 974 309 secundis
998 274 1180 320 Vesperis,
1209 273 1248 307 in
1270 273 1442 308 Passione
1467 273 1626 310 Domini.

219 405 230 426 1
256 387 394 434 Joseph
416 388 463 423 ab
482 384 692 423 Arimathia
714 396 849 433 corpus
1066 389 1084 421 5
1108 385 1286 420 Planctus
1304 387 1340 420 et
1360 383 1535 430 lacrymae
1560 387 1602 422 B.
1622 388 1701 424 Ma-

237 433 388 471 Domini
409 433 515 480 petit.
902 437 962 477 141
1089 432 1155 468 riae
1193 431 1372 478 Virginis,
1411 431 1499 468 dum
1534 433 1618 470 Filii
1644 433 1703 472 sui

214 497 232 519 2
252 481 496 518 Nicodemum
547 480 619 518 sibi
672 480 848 518 comitem
1090 490 1224 525 corpus
1248 478 1411 524 stringit.

236 528 420 575 adjungit.
903 530 965 570 142
1067 529 1087 562 6
1109 528 1149 561 ln
1202 525 1376 562 omnibus
1428 526 1601 564 sensibus
1665 531 1704 565 et

212 579 233 613 3
255 577 424 613 Christus
446 575 493 612 ab
513 574 568 612 eis
586 574 632 612 de
653 585 762 612 cruce
784 575 847 612 de·
1090 573 1271 609 membris
1309 583 1442 619 passus
1481 577 1538 610 est
1574 575 1702 612 Domi-

234 622 404 670 ponitur.
903 623 966 665 145
1090 631 1176 664 11115,
1199 624 1241 657 ut
1270 623 1391 656 totum
1417 621 1610 659 hominem
1643 633 1703 660 sa-

211 674 233 715 4
254 671 486 707 Documenta
497 668 848 716 duoedepositione
1092 671 1212 704 naret.

237 717 406 764 corporis
416 716 568 761 Christi,
582 721 687 754 aetus
701 716 849 753 consor·
1067 731 1087 762 7
1112 715 1269 751 Multum
1302 715 1402 751 valet
1435 719 1566 753 contra
1605 715 1703 753 iram

236 764 416 802 mationis
435 767 473 802 et
493 764 630 801 oratio.
903 764 967 805 145
1095 762 1289 800 Passionis
1309 762 1507 800 memoria.

355 887 505 925 CAPUT
529 886 650 922 LXVI.
666 905 711 913 -
725 887 775 921 De
792 884 947 921 secundo
967 885 1219 933 Οοηηοίθιονίο,
1237 887 1277 922 in
1297 888 1472 923 Passione
1495 888 1656 925 Domini.

219 1021 231 1043 1
257 1004 454 1052 Inungitur
473 1008 511 1042 et
540 1004 745 1042 involvitur
773 1014 851 1041 eor·
1091 1007 1176 1042 tura
1197 1004 1351 1050 Christi,
1369 1007 1474 1041 actus
1496 1005 1705 1044 conforma-

238 1064 308 1101 pus
331 1052 482 1090 Christi.
907 1055 969 1099 147
1091 1052 1204 1089 tionis
1228 1055 1263 1089 et
1285 1051 1420 1088 oratio.

217 1114 235 1137 2
258 1102 542 1137 Monumentum
576 1102 613 1137 et
659 1097 853 1145 exsequiae
1048 1115 1089 1136 10
1110 1100 1238 1136 Modus
1260 1100 1491 1146 quadruplex
1521 1111 1592 1138 nos
1622 1111 1707 1139 cum

240 1147 406 1185 Domini.
909 1149 974 1191 148
1092 1147 1238 1184 Christo
1261 1146 1481 1193 sepeliendi.

216 1198 236 1231 3
261 1194 418 1232 Materia
462 1195 634 1232 sindonis
684 1198 721 1231 et
767 1194 856 1231 alio·
1048 1209 1085 1231 ιι
1108 1194 1470 1241 Figuraesepulturae
1487 1195 1707 1233 ChristiDo-

240 1253 326 1279 rum
359 1242 639 1288 linteaminum,
662 1241 752 1289 quid
787 1243 853 1279 do·
1092 1242 1199 1278 mini.

240 1290 379 1327 ceant?
911 1292 975 1336 149
1049 1302 1087 1326 12
1115 1287 1297 1325 Memoria
1344 1292 1488 1335 septem
1527 1290 1708 1327 horarum

215 1340 238 1381 4
261 1339 417 1382 Magnus
442 1337 540 1384 lapis
569 1338 771 1384 sepulchro
793 1337 857 1374 ad·
1094 1335 1390 1372 Dominicarum.

241 1384 418 1420 volvitur.
910 1387 975 1431 149
1051 1386 1090 1420 15
1114 1386 1155 1419 Β.
1192 1384 1311 1419 Maria
1344 1384 1472 1429 Virgo,
1505 1388 1707 1430 postquam

218 1434 237 1467 5
260 1432 413 1478 Mystica
433 1430 571 1468 Christi
599 1431 794 1479 sepultura
815 1430 856 1467 in
1095 1441 1243 1467 crucem
1273 1431 1457 1473 adoravit,
1483 1434 1620 1468 moesta
1640 1442 1708 1468 re-

242 1479 356 1515 corde
369 1481 514 1514 nostro.
911 1481 975 1525 149
1096 1477 1194 1514 cedit
1217 1489 1239 1514 a
1260 1481 1519 1515 monumento.

220 1528 240 1560 6
260 1525 455 1572 Sepulchri
480 1525 633 1562 Domini
665 1525 786 1563 forma
818 1529 856 1562 et
1052 1527 1093 1568 ι4
1113 1525 1230 1561 Feriae
1249 1528 1360 1561 sextae
1381 1525 1555 1572 insignia.

243 1573 354 1609 situs.
911 1575 976 1610 150
1052 1575 1091 1608 15
1107 1575 1126 1610 J
1134 1573 1326 1609 udaeorum
1350 1575 1579 1619 perversitas
1602 1575 1710 1612 Chri-

217 1635 237 1666 7
259 1619 377 1657 Feriae
415 1623 541 1664 sextae,
578 1630 653 1666 qua
688 1620 858 1658 Christus
1097 1624 1195 1656 stum
1217 1620 1453 1657 seductorem
1470 1622 1698 1658 vocantium.

242 1671 414 1704 mortuus
433 1671 471 1704 et
490 1668 656 1714 sepultus
689 1671 760 1713 est,
782 1679 858 1715 my-
1054 1669 1094 1703 16
1117 1668 1322 1704 Custodum
1359 1668 1495 1714 positio
1535 1676 1572 1705 et
1611 1669 1712 1716 sigil-

244 1714 416 1751 sterium.
914 1718 974 1752 151
1098 1716 1221 1751 lorum
1255 1715 1440 1761 appositio
1461 1717 1709 1754 resurrectio-

192 1789 195 1791 >
221 1763 242 1798 8
263 1761 417 1798 Devotio
456 1764 494 1798 et
524 1762 741 1799 constantia
781 1773 860 1799 mu-
1097 1773 1184 1798 nem
1221 1762 1370 1798 Domi-ni
1408 1763 1710 1810 irrefragabilem

243 1808 379 1845 lierum
410 1808 511 1846 circa
548 1809 698 1846 Domini
734 1810 860 1856 sepul-
1097 1810 1307 1845 redditura.

243 1859 386 1892 turam.
915 1860 977 1895 152
1056 1871 1094 1903 ¹7
1117 1856 1226 1892 Pilati
1265 1856 1499 1905 Herodisque
1539 1859 1710 1898 exsilium

221 1917 242 1950 9
262 1903 430 1947 Quatuor
449 1904 680 1941 documenta
701 1915 721 1941 e
741 1905 861 1951 sepul·
1097 1906 1135 1940 et
1157 1904 1294 1941 obitus.

310 2027 460 2064 CAPUT
480 2028 617 2065 LXVII.
634 2048 679 2056 -
698 2028 878 2074 Epiloqus
899 2027 1096 2064 Dominicae
1113 2029 1314 2075 Passionis,
1339 2032 1373 2066 et
1390 2030 1433 2066 de
1453 2031 1562 2068 laude
1582 2034 1712 2070 crucis.

229 2154 242 2177 1
267 2138 400 2176 Passio
451 2138 591 2176 Christi
628 2139 739 2177 nohis
775 2150 863 2176 eum
1082 2144 1103 2184 4
1123 2140 1290 2177 Virtutes
1308 2141 1445 2178 Christi
1464 2143 1651 2189 patientis.

250 2187 377 2223 reddit
393 2187 611 2225 amabilem.
918 2190 980 2234 157
1083 2191 1102 2223 5
1124 2188 1221 2224 Laus
1234 2192 1269 2224 et
1280 2189 1470 2235 praeconia
1484 2191 1616 2238 crucis,
1629 2202 1714 2238 quae

227 2248 245 2271 2
268 2235 404 2271 Passus
443 2237 498 2270 est
536 2234 719 2271 Dominus
762 2234 863 2270 omni
1104 2235 1213 2271 nobis
1263 2237 1386 2273 omnis
1424 2239 1574 2284 generis
1608 2250 1714 2276 arma

249 2284 373 2325 aetate,
394 2281 564 2318 membro
587 2286 624 2318 et
653 2285 836 2328 tempore.
917 2285 979 2328 ¹57
1105 2283 1331 2328 suppeditat.

224 2331 244 2364 3
265 2330 394 2381 ‚Locus
415 2328 531 2365 etiam
550 2333 587 2365 et
607 2340 727 2375 genus
762 2340 860 2365 mor·
1081 2332 1101 2364 6
1124 2330 1313 2367 Passionis
1340 2332 1521 2379 epilogus.

246 2378 307 2459 t1st
321 2377 543 2413 Passionem
575 2376 694 2423 ipsius
729 2387 861 2423 aggra-
1079 2391 1098 2423 7
1120 2376 1302 2414 Triduum
1337 2380 1529 2418 Passionis
1563 2381 1711 2419 Domini

244 2433 289 2458 va
311 2449 320 2459 .
912 2426 977 2460 158
1104 2424 1272 2470 mystice.

392 2545 542 2582 CAPUT
564 2547 718 2584 LXVIII.
745 2567 789 2575 —
808 2549 859 2583 De
877 2548 1030 2585 sabbato
1051 2549 1198 2592 Sancto,
1220 2552 1260 2588 in
1291 2554 1460 2590 Passione
1479 2556 1639 2592 Domini.

224 2676 237 2699 1
262 2660 369 2699 Fides
391 2665 429 2698 et
448 2673 534 2710 spes
554 2665 596 2701 B.
619 2664 749 2702 Mariae
769 2663 855 2702 Vir·
1073 2669 1094 2702 5
1113 2667 1193 2710 Quo
1215 2677 1325 2705 sensu
1344 2670 1566 2718 accipienda
1584 2671 1633 2708 sit
1648 2671 1710 2708 tri-

245 2708 357 2763 ginis..
913 2715 977 2748 165
1098 2714 1221 2751 duana
1263 2718 1410 2754 Domini
1447 2721 1535 2756 Jesu
1573 2719 1708 2755 Christi

225 2769 243 2792 2
263 2756 438 2794 Mulieres
457 2760 587 2794 emunt
605 2764 788 2797 aromata.
911 2762 975 2795 166
1098 2763 1292 2807 sepultura

1755 672 1820 714 145

1756 765 1822 808 146

1760 1059 1823 1093 152

1760 1153 1824 1187 155

1760 1247 1826 1288 154

1761 1341 1826 1383 154

1761 1484 1826 1525 154

1760 1530 1825 1565 155

1755 1625 1822 1659 155

1765 1815 1828 1849 155

1765 1910 1829 1944 156

1767 2148 1831 2193 159

1767 2292 1831 2325 160

1766 2339 1830 2372 165

1767 2434 1829 2474 164

1764 2770 1829 2803 166
