1924 3157
710 156 758 190 DE
804 154 947 190 LAUDA
989 154 1151 190 DIVINA.
1695 152 1756 187 283

121 225 297 272 operibus
314 226 423 272 meis,
444 236 509 271 per
526 229 695 264 sanctam
714 235 758 262 ac
785 224 897 261 coele-

122 277 217 310 stem
245 274 584 311 conversationem.
612 276 654 310 Et
675 274 755 310 haec
776 272 900 309 laudis

121 322 242 359 facula
275 333 340 359 sua
374 322 510 359 virtute
556 332 687 359 omnes
724 320 899 357 inimicos

122 369 294 415 repellat,
318 370 478 417 gratiam
507 374 656 417 augeat,
679 369 793 405 finem
816 369 899 404 bea-

119 420 200 453 tum
239 418 422 461 obtineat,
465 423 503 454 et
547 417 707 464 gloriam
745 419 898 452 aetcrnae

121 464 368 502 beatitudinis
389 467 573 511 acquirat,
610 471 650 501 ut
684 463 770 499 finis
790 463 901 508 hujus

120 514 338 558 temporalis
352 513 488 556 laudis,
511 514 557 548 ¹sit
578 511 726 548 initium
747 515 900 548 aeternae

119 559 241 596 laudis
264 561 396 608 patriae
416 560 592 597 coelestis.

170 611 189 643 5
212 609 261 644 UT
295 610 390 644 Deus
413 620 454 644 ΕΤ
477 610 517 644 t).
543 609 584 643 N.
620 608 653 644 J.
694 608 733 644 C.
772 618 901 643 nemus

121 666 320 699 munerun,
343 667 484 691 neman
511 667 532 691 A
560 666 732 691 Tannnms
752 666 903 691 Ausum-

121 714 212 738 mzm:
234 714 275 738 ΕΤ
295 714 362 739 nos
389 714 501 739 cunm:
522 714 675 738 COELESTI
714 713 901 738 imuscnne

120 762 293 787 nnnnuus.
317 771 360 776 —-
379 752 421 787 Ut
451 754 576 786 autum
599 750 645 786 ad
666 750 730 786 Dei
751 750 901 786 laudem

121 798 351 846 provoceris,
370 798 560 841 aliamue,
578 808 720 844 quaeso‚
735 802 901 834 mentem

121 851 225 883 tuam
246 857 268 882 a
288 845 463 890 terrenis,
486 849 523 881 et
543 845 624 882 leva
650 856 733 882 eam
755 845 802 881 ad
825 856 899 882 coe-

120 893 242 938 lestia,
276 897 354 930 toto
382 896 517 930 conatu
552 904 625 939 quo
661 893 824 940 poteris;
857 903 901 929 ac

122 941 320 979 considera
369 941 557 988 quomodo
599 940 698 977 illius
741 940 902 978 coelestis

123 989 237 1027 curiae
271 989 369 1025 cives
395 989 644 1030 delectantur,
665 988 844 1035 jubilant,
866 990 903 1024 et

122 1040 307 1074 exsultant
339 1037 377 1073 in
408 1038 481 1073 Deo
504 1036 704 1081 continue;
731 1036 901 1081 singulo-

122 1096 282 1132 rumque
302 1085 442 1131 gaudia
460 1095 735 1127 rememorans,
748 1084 902 1121 tandem

123 1137 234 1179 prout
270 1132 425 1180 poteris,
461 1136 497 1167 ct
532 1132 775 1179 permitteris,
811 1130 902 1178 ipsis

123 1181 340 1218 laetantibus
361 1183 398 1216 et
417 1179 668 1226 jubilantibus
692 1184 728 1216 te
754 1180 901 1225 ingere,

123 1232 160 1266 et
183 1227 365 1265 immisce.
389 1229 563 1264 Exclama
584 1239 673 1273 ergo
701 1228 815 1264 corde
838 1232 903 1263 to—

124 1282 176 1322 to,
196 1280 233 1313 et
257 1275 317 1313 dic
345 1286 389 1312 ex
418 1275 564 1312 intimis
596 1286 681 1312 cum
707 1277 902 1312 AnseImo:

126 1338 145 1358 «
164 1326 263 1362 Deus
281 1334 402 1367 meuS,
423 1322 513 1369 quid
532 1323 679 1369 melius,
695 1324 786 1370 quid
804 1334 905 1360 ama-

124 1371 236 1410 bilius
268 1375 305 1408 te
338 1371 520 1408 aestimavi
551 1382 666 1417 super
685 1374 841 1416 terram,
864 1375 906 1407 ut

124 1420 385 1457 abstraherem
406 1430 470 1455 cor
491 1429 616 1456 mcum
632 1430 654 1456 a
674 1423 725 1464 te,
744 1420 793 1456 ad
815 1430 904 1455 con-

125 1467 395 1515 cupiscendum
439 1467 645 1513 quidquam
685 1467 723 1503 in
765 1466 905 1503 mundo

125 1516 267 1561 absque
296 1515 363 1552 te?
395 1515 468 1552 Cur
499 1516 647 1551 amavi?
669 1516 790 1559 Quare
818 1525 906 1550 con-

126 1563 247 1610 cupivi
278 1562 317 1599 in
350 1564 452 1599 omni
484 1562 561 1598 vita
583 1573 665 1599 mea
685 1562 905 1609 quidquam,

125 1615 265 1658 praeter
281 1614 317 1647 te
335 1612 461 1647 Jesum
481 1611 599 1647 Deum
619 1612 769 1647 meum?
785 1612 907 1654 Quare

126 1658 280 1695 distuli?
306 1659 381 1696 Cur
405 1658 590 1695 intermisi
627 1658 703 1694 ullo
736 1662 906 1705 temporo

127 1711 178 1751 te,
207 1720 227 1742 υ
245 1708 349 1750 Jesu,
368 1717 520 1743 versare
541 1708 576 1741 in
609 1706 736 1749 corde,
761 1710 798 1742 te
829 1709 908 1742 tota

128 1760 254 1790 mente
283 1753 472 1798 amplecti,
506 1757 543 1790 et
572 1753 751 1790 delectari
780 1753 816 1789 in
845 1760 908 1789 tua

127 1802 353 1839 dulcedine?
373 1802 446 1838 Cur
468 1812 540 1837 non
565 1801 692 1837 omnia
717 1801 907 1837 desideria

128 1860 211 1888 mea
234 1852 281 1887 ad
312 1854 349 1886 te
381 1849 576 1886 converti?
602 1850 681 1893 Quo
715 1849 905 1892 abierunt,

127 1899 276 1945 quando
303 1902 339 1934 te
363 1897 485 1934 solum
520 1908 593 1934 non
620 1896 808 1941 adierunt,
831 1907 907 1933 om-

127 1947 191 1984 nia
213 1946 395 1982 interiora
413 1945 569 1992 spiritus
586 1945 683 1981 mei?
697 1944 764 1981 Ubi
787 1956 906 1990 cram,

129 1996 278 2041 quando
300 1998 423 2030 tccum
441 1998 563 2029 mente
585 2004 660 2029 non
683 1993 813 2029 eram?
828 1995 906 2036 Quo

128 2041 540 2087 defluxerunt‚quando
560 2052 636 2077 non
653 2045 689 2077 te
702 2041 823 2077 solum
844 2041 907 2076 ha-

129 2091 290 2127 buerunt
309 2089 497 2125 desideria
513 2089 628 2125 mea?
648 2090 731 2125 ,lam
754 2099 796 2124 ex
820 2089 904 2127 hoc.

132 2149 234 2175 nunc
261 2136 388 2173 omnia
418 2136 606 2173 desideria
635 2136 850 2172 incalescite
873 2139 909 2172 et

130 2185 272 2223 affluite
292 2184 330 2220 in
352 2184 551 2220 Dominum
571 2185 723 2228 Jesum3
755 2183 908 2228 currite,

131 2235 219 2280 quia
253 2232 343 2268 satis
377 2232 559 2268 hactenus
589 2231 792 2276 tarclastis3
819 2242 908 2278 pro-

130 2284 275 2328 perate,
298 2291 371 2326 quo
397 2279 577 2325 pergitis3
602 2279 774 2324 quaerite,
796 2289 909 2324 quem

131 2332 299 2375 quterltis
314 2339 321 2363 ;
335 2329 461 2363 Jcsum
475 2326 646 2373 quaeritis
661 2329 909 2371 Nazarenum,

132 2376 369 2418 crucifixum3
391 2374 559 2410 ascendit
586 2374 625 2410 in
655 2375 806 2419 coelum,
836 2385 910 2409 non

132 2427 189 2460 est
210 2423 281 2459 hic.
309 2421 596 2458 Amantissimus
632 2421 778 2457 Domini
803 2422 910 2457 habi-

134 2474 187 2508 tat
207 2470 454 2513 considenti-r,
480 2474 516 2505 et
542 2469 730 2515 flagellum
754 2480 828 2505 non
850 2479 911 2515 ap-

132 2518 399 2565 propinquavit
419 2517 662 2553 tabernaculo
681 2519 773 2563 ejus.
793 2518 913 2562 Super

134 2566 370 2602 altitudinem
401 2565 597 2609 coelorum,
624 2575 736 2611 super
757 2574 911 2600 omnem

132 2613 389 2650 excellentiam
409 2613 655 2658 Angelorum,
676 2611 826 2659 propria
841 2612 912 2647 vir-

132 2664 209 2698 tuto
228 2661 413 2705 ascendit,
431 2671 542 2707 super
553 2659 689 2696 solium
707 2659 913 2706 singularis

131 2708 278 2756 glori-02,
302 2719 324 2745 a
345 2708 486 2745 dextris
510 2707 571 2743 liei
590 2707 796 2751 patrissui,
819 2718 913 2744 coa?-

133 2760 263 2793 ternus
303 2759 339 2793 et
374 2755 706 2792 consubstantialis
727 2756 848 2800 sedet,
877 2758 911 2790 ct

132 2803 259 2841 divino
271 2803 434 2841 amictus
448 2803 601 2849 lumine,
615 2807 818 2840 coronatus
836 2802 913 2849 glo-

974 223 1029 260 ria
1062 228 1099 261 et
1125 225 1284 271 honore,
1306 229 1346 263 ut
1375 225 1481 262 decet
1511 223 1753 270 Unigenitum

974 271 1054 316 Dei,
1077 283 1232 309 sem-nus
1261 275 1294 309 in
1318 273 1460 317 laetitia,
1485 272 1615 319 plenus
1648 272 1752 308 omni

975 323 1182 364 potentatu.
1205 321 1383 358 Dominus
1403 321 1439 357 in
1459 320 1550 357 coelo
1566 319 1660 357 etin
1680 325 1751 354 ter-

974 377 1028 402 ra.
1053 367 1104 403 Ibi
1139 369 1299 404 adorant
1338 380 1421 405 eum
1456 378 1587 404 omncs
1618 364 1750 413 Angeli

975 414 1188 458 Domini,et
1211 416 1385 452 utiixersa
1404 416 1601 452 multitudo
1614 414 1750 450 civium

974 462 1137 498 coelestis
1154 463 1256 499 Sion.
1277 465 1317 499 ln
1340 464 1417 510 ipso
1434 463 1665 500 unanimiter
1686 462 1749 497 lae-

975 514 1102 546 tantur
1133 510 1303 546 omnium
1330 512 1458 554 corda,
1487 511 1523 547 in
1547 511 1629 557 ejus
1649 508 1752 545 desi-

974 557 1132 593 derabili
1156 558 1249 594 facie
1271 559 1656 602 pascunturomnium
1671 567 1756 593 oeu-

974 604 999 640 li
1028 606 1250 649 beatorum3
1274 605 1310 641 in
1334 607 1453 652 ipsum
1475 605 1639 652 undique
1658 614 1748 640 con-

975 653 1096 688 fluunt
1119 652 1306 689 desideria
1327 654 1493 689 omnium
1512 655 1750 689 Sanctorum.

974 699 1056 745 Ipsi
1081 701 1233 746 jubilat,
1260 700 1330 747 ipsi
1347 700 1554 747 applaudit,
1577 699 1750 745 etipsum

975 748 1193 794 magnificat
1230 753 1308 784 tota
1338 748 1493 784 uranica
1522 748 1652 784 civitas
1679 746 1754 792 glo-

975 795 1162 843 riosa,per
1181 806 1331 833 omnem
1351 796 1506 832 modum
1525 795 1562 831 in
1583 794 1755 840 splendo-

975 843 1078 880 ribus
1099 844 1178 891 ejus
1199 855 1207 880 ε
1228 845 1388 880 Exsulta
1406 847 1438 880 et
1463 844 1588 885 lauda,
1613 842 1755 877 habita-

976 893 1025 927 tio
1052 892 1153 933 Sion,
1176 894 1265 938 quia
1295 902 1450 937 maqnus
1474 893 1514 927 in
1545 891 1662 926 medio
1701 889 1756 924 tui

976 940 1132 976 Sanctus
1152 941 1277 975 lsrael.
1295 941 1366 976 Per
1383 941 1502 985 ipsum
1521 942 1680 974 centena
1690 936 1753 972 de·

975 986 1051 1023 cies
1073 987 1208 1023 millius
1230 987 1382 1024 millena
1408 985 1587 1023 assistunt
1608 985 1645 1020 in
1675 993 1757 1020 san-

976 1035 1122 1071 ctuario
1157 1034 1302 1071 uranici
1340 1034 1485 1081 ampli,
1517 1033 1758 1083 intendentes

976 1083 1119 1120 vultum
1141 1082 1350 1129 majestatis
1374 1083 1476 1119 claro
1504 1087 1541 1118 et
1562 1078 1755 1116 inflexibili

977 1131 1070 1174 visu,
1093 1141 1136 1166 ac
1156 1134 1406 1177 personantes
1438 1127 1676 1165 harmoniam
1699 1126 1758 1162 in-

977 1177 1171 1215 cessabili÷
1196 1177 1340 1224 hymni,
1360 1177 1398 1213 in
1415 1176 1577 1223 gloriam
1597 1175 1707 1211 trinae
1724 1176 1760 1209 et

979 1226 1124 1273 simplae
1145 1225 1367 1262 divinitatis.
1394 1226 1466 1261 Per
1493 1224 1615 1271 ipsum
1642 1220 1762 1258 millia

978 1274 1140 1311 millium
1164 1274 1212 1310 ad
1237 1273 1460 1320 complenda
1482 1270 1606 1308 Patris
1627 1271 1763 1317 myste-

980 1322 1037 1359 ria
1058 1321 1173 1358 alacri
1195 1321 1366 1358 discursu
1391 1320 1533 1367 jugiter
1554 1321 1682 1355 meant
1704 1317 1760 1353 in—

979 1375 1037 1406 ter
1056 1370 1192 1406 coelum
1214 1374 1251 1405 et
1268 1372 1424 1409 terram,
1453 1366 1559 1414 quasi
1580 1376 1668 1413 apes
1689 1374 1763 1418 ne-

981 1417 1135 1465 gotiosae
1163 1416 1262 1453 inter
1281 1416 1446 1453 alvearia
1467 1419 1504 1451 ct
1525 1416 1638 1451 flores
1653 1443 1661 1455 ,
1681 1412 1760 1448 dls-

983 1469 1163 1513 ponentes
1201 1464 1329 1501 omnia
1371 1462 1539 1500 suaviter
1558 1490 1566 1507 ,
1601 1460 1761 1507 populus

981 1513 1188 1557 accinctus,
1212 1513 1384 1549 nesciens
1400 1511 1538 1555 labem,
1555 1509 1612 1546 vel
1630 1507 1760 1544 inobe-

982 1560 1134 1597 dientiae
1155 1570 1313 1596 moram.
1331 1561 1404 1596 Per
1419 1560 1488 1595 hos
1503 1557 1641 1604 quippe
1659 1565 1760 1592 sum-

982 1620 1044 1646 ma
1062 1612 1200 1645 nostrae
1222 1607 1352 1644 salutis
1367 1605 1680 1643 administrantur
1702 1613 1763 1639 ne-

982 1656 1098 1704 g0t1a‚
1118 1666 1341 1701 summaque
1367 1653 1518 1701 superni
1544 1651 1694 1689 concilii
1715 1650 1764 1703 ad

981 1716 1050 1741 nos
1072 1704 1293 1740 deferuntur
1313 1712 1474 1746 arcana;
1492 1711 1559 1748 per
1581 1702 1649 1736 hos
1665 1708 1762 1735 sani·

981 1757 1079 1789 tates
1101 1751 1318 1787 mortalium
1335 1753 1594 1796 procreantur,
1611 1757 1679 1794 per
1696 1747 1764 1798 hos

979 1800 1190 1836 consistunt
1228 1809 1360 1845 regna,
1387 1801 1423 1834 et
1457 1800 1558 1833 stant
1598 1796 1759 1846 imperia

982 1846 1125 1884 mundi.
1145 1848 1247 1882 Inter
1279 1857 1371 1893 quos
1396 1844 1627 1892 praecinuum
1657 1852 1763 1895 novi-

982 1906 1066 1932 mus
1090 1894 1311 1931 Michaelem
1341 1893 1565 1939 signiferum
1601 1891 1765 1942 nobilem

981 1943 1065 1980 coeli
1087 1943 1220 1986 civem,
1250 1941 1312 1987 qui
1335 1945 1408 1977 stat
1427 1951 1493 1988 pro
1518 1939 1598 1976 acie
1623 1939 1687 1975 Dei
1707 1947 1766 1971 vi-

982 1991 1117 2035 ventis,
1138 1992 1345 2026 extendens
1368 1989 1600 2033 romphaeam
1622 1995 1765 2033 propu-

981 2038 1187 2085 gnationis,
1211 2048 1254 2074 ac
1274 2048 1364 2073 voce
1378 2036 1544 2073 terrilica
1560 2035 1762 2071 intonans:

983 2090 1072 2131 Quis
1088 2090 1127 2122 ut
1146 2088 1253 2130 Deus,
1270 2096 1382 2131 super
1399 2095 1461 2121 eos
1474 2083 1535 2130 qui
1551 2094 1595 2119 ex
1607 2083 1765 2118 adverso

985 2138 1072 2171 sunt
1107 2135 1294 2169 Exsultate
1316 2134 1353 2168 in
1377 2131 1495 2168 nobili
1512 2130 1603 2167 Filio
1625 2132 1762 2181 vestro,

985 2193 1052 2218 vos
1086 2181 1253 2217 illustres
1288 2179 1519 2217 Patriarchae
1548 2178 1665 2223 :quia
1696 2186 1765 2211 lm-

984 2230 1086 2277 pleta
1103 2232 1160 2265 est
1183 2230 1217 2263 in
1239 2239 1282 2264 eo
1310 2227 1432 2264 omnis
1454 2224 1679 2271 exspectatio
1704 2233 1767 2258 ve-

985 2283 1063 2314 stra
1101 2280 1137 2311 et
1177 2275 1256 2322 ipse
1283 2274 1454 2311 sublimis
1492 2276 1549 2309 est
1583 2272 1706 2323 valde,
1731 2274 1769 2306 et

985 2323 1258 2362 benedicentur
1284 2323 1320 2358 in
1353 2322 1432 2368 ipso
1452 2326 1573 2358 vestro
1595 2319 1769 2354 videlicet

986 2373 1130 2408 semine
1149 2381 1282 2407 omncs
1311 2371 1475 2413 Gentes;
1503 2368 1555 2404 sic
1577 2365 1767 2412 enimpol-

986 2419 1110 2455 licitus
1129 2424 1185 2454 est
1206 2428 1330 2454 sermo
1352 2416 1515 2452 divinus.
1541 2415 1707 2451 Gaudete
1727 2413 1767 2448 in

985 2469 1074 2503 Jcsu
1098 2466 1287 2512 Propheta
1310 2475 1462 2510 magno,
1482 2473 1549 2498 vos
1571 2462 1769 2507 Prophetae

988 2514 1055 2550 viri
1091 2523 1244 2549 xerat-es
1275 2524 1282 2548 :
1310 2523 1398 2558 quia
1430 2510 1589 2547 mirilico
1621 2514 1657 2546 et
1693 2508 1770 2554 glo-

987 2562 1087 2598 riose
1115 2561 1269 2607 impleta
1298 2560 1432 2596 videtis
1453 2558 1596 2602 omnia,
1619 2567 1700 2603 qnae
1723 2555 1769 2591 de

987 2610 1068 2656 ipso
1092 2607 1347 2644 annuntiastis
1375 2609 1411 2643 in
1443 2606 1582 2653 Spiritu
1618 2606 1770 2655 Sancto,

987 2661 1024 2694 et
1046 2657 1178 2693 fideles
1198 2655 1342 2692 inventi
1365 2653 1456 2692 estis
1476 2664 1543 2700 per
1576 2653 1701 2699 ipsum
1731 2660 1768 2685 in

987 2704 1132 2742 cunctis
1157 2704 1397 2740 sermonibus
1428 2700 1577 2738 vestris.
1602 2699 1769 2736 Gaudete

988 2753 1025 2789 in
1059 2751 1216 2789 Domino
1236 2752 1325 2788 Jesu
1358 2761 1455 2793 meo,
1482 2750 1660 2794 Magistro
1700 2755 1771 2796 ves

989 2804 1082 2844 stro,
1103 2810 1168 2835 vos
1194 2798 1319 2844 inclyti
1346 2808 1521 2844 proceres
1544 2794 1643 2836 coeli,
1673 2793 1769 2828 beati
