1924 3157
565 137 618 172 DE
657 139 804 178 PRIMA,
845 139 888 173 lx
929 138 1141 172 passion:
1180 137 1347 171 noltiNl.
1736 132 1775 168 53

141 207 366 255 principales
386 208 535 244 suerunt
554 208 590 244 in
616 212 736 244 morte
760 207 913 252 Christi,

144 254 340 291 redierunt
371 255 417 291 ad
450 255 652 302 templuin;
672 259 707 291 et
746 258 834 291 tunc
855 266 917 291 ve-

144 302 200 338 nit
223 303 353 346 Judcis,
385 305 600 348 penitentia
621 304 765 347 ductus,
795 302 831 338 id
863 306 920 338 est

142 351 318 397 angustia
347 350 511 396 quadam
540 354 575 386 et
604 349 759 386 tristitia
780 353 918 395 tactus,

144 408 227 444 qnae
249 403 376 434 tamen
399 408 473 433 non
492 397 619 442 valuit,
637 397 725 444 quia
749 408 823 433 non
840 408 924 443 pro-

144 448 227 491 pter
247 455 415 481 amorem
438 445 517 487 Dei,
541 447 604 480 sed
633 449 786 492 pr0,·iei·
808 455 923 480 enor-

144 492 315 528 mitatem
338 492 390 528 rui
411 492 528 528 tristis
545 494 635 536 1'uit;
656 496 689 528 et
709 493 836 527 retulit
855 494 923 527 tri-

144 544 249 584 qanta
269 544 469 583 argenteos,
493 540 615 575 dicens
641 555 647 575 ι
672 541 823 575 Peccum'
844 543 923 574 tra-

144 588 232 623 dens
258 590 476 631 sanquinem
506 587 663 631 justum.
698 588 777 622 Non
809 586 925 622 valuit

144 635 250 671 Judae
269 635 341 670 ista
361 635 556 678 consessio,
579 634 667 680 quia
691 635 820 670 deerat
841 644 925 680 spes

146 683 266 718 veniae
281 694 324 718 ac
343 681 487 717 salutis.
510 681 575 717 Ubi
596 681 646 717 sic
668 681 758 717 dicit
776 682 926 725 Chryso-

145 734 282 765 stemus
298 743 308 765 .·
329 744 341 761 u
360 729 452 765 Vide
465 728 659 764 veritatem
677 729 841 775 undique
858 728 926 764 sul-

147 781 314 823 gentem,
338 776 508 822 proditor
528 776 573 812 de
592 787 716 823 seipso
737 777 799 812 dat
819 776 924 811 testi-

147 824 335 870 monium,
355 826 540 860 eteorum
563 825 624 869 qni
648 824 925 859 condemnave-

147 876 235 908 runt
260 872 402 919 oppilat
434 882 514 908 ora.
539 886 556 903 »
584 873 637 907 Ac
657 873 716 906 illi
748 871 924 907 deriden-

151 923 206 955 tes
225 930 327 964 eum,
349 920 525 955 dimerunt
548 930 556 954 :
582 919 673 964 quid
691 920 741 954 ud
761 930 838 963 nos,
854 921 925 954 sci-

148 967 234 1002 licet
254 967 300 1003 de
321 969 475 1014 peccato
505 970 584 1010 tuo,
607 966 670 1012 qui
698 977 774 1002 non
798 977 926 1003 sumus

146 1014 200 1050 rei
224 1014 261 1050 in
281 1015 351 1050 hoc
384 1014 481 1050 sacto
496 1014 513 1050 ’ἶ
537 1016 589 1050 Τα
609 1015 761 1056 videris,
784 1018 820 1050 et
841 1025 926 1050 sen-

146 1061 216 1098 ties
250 1066 286 1098 te
326 1072 500 1109 peccasse
519 1073 527 1105 ;
564 1061 629 1097 sed
669 1061 761 1097 nihil
783 1062 830 1098 ad
859 1072 926 1097 nos

144 1109 324 1156 pertinet,
351 1116 387 1145 et
418 1108 528 1145 nobis
555 1109 601 1144 de
643 1109 715 1145 hoc
755 1120 828 1145 non
869 1112 926 1145 est

147 1168 251 1194 cura.
274 1156 460 1193 Professio
481 1157 561 1192 haec
575 1157 696 1193 audax
720 1161 790 1197 est,
813 1160 926 1202 atque

148 1216 259 1242 raeca.
284 1205 426 1241 Emisse
447 1215 486 1240 se
503 1203 596 1250 justi
616 1204 839 1250 sanguinem
858 1215 928 1240 au-

148 1252 268 1295 diunt,
296 1258 334 1289 et
354 1256 484 1288 tamen
506 1258 610 1288 extra
630 1255 776 1288 reatum
799 1263 837 1287 se
860 1263 928 1288 es-

149 1311 188 1336 se
211 1300 383 1344 credunt,
404 1305 441 1336 et
468 1299 506 1335 in
528 1300 608 1336 solo
629 1299 815 1336 vendente
846 1310 927 1335 sce-

149 1350 206 1384 lus
221 1347 591 1391 constituunt.Unde‚
604 1347 810 1383 secundum
821 1348 931 1392 Chry-

149 1400 358 1440 sostomum,
384 1395 574 1431 accusatio
599 1395 839 1431 sacerdotum
860 1398 928 1438 est,

152 1443 242 1489 quia
263 1454 338 1480 non
350 1441 796 1489 egeruntpoenitentiam,
816 1443 929 1478 etiam

150 1492 248 1527 ,luda
263 1491 483 1536 poenitente.
496 1493 542 1526 Et
560 1495 646 1526 tunc
667 1490 797 1526 videns
814 1490 931 1526 Judas

153 1538 253 1585 quod
277 1549 363 1574 eum
384 1538 622 1581 deridebant,
649 1538 777 1584 lapsus
805 1537 842 1572 in
871 1538 932 1573 de-

151 1586 423 1631 sperationem.
460 1586 634 1631 projectis
669 1587 852 1629 arqentez's
891 1586 931 1620 in

151 1635 298 1680 templo,
312 1633 410 1670 unde
427 1633 567 1679 recepti
581 1638 703 1676 erant,
717 1634 877 1673 recessit,
898 1636 932 1667 et

152 1682 278 1716 abiens
313 1682 441 1726 laqueo
479 1692 530 1725 se,
564 1691 606 1716 ex
650 1680 930 1726 desperatione,

149 1729 343 1775 suspendit
361 1741 368 1771 ;
393 1740 435 1764 ex
460 1739 534 1774 quo
555 1731 659 1774 patet
679 1727 778 1773 quod
791 1726 932 1773 cupidi-

153 1780 209 1812 tas
221 1787 290 1813 sua
303 1775 807 1812 nihilsibivaluitMaluitsc
819 1785 932 1821 quam

150 1824 328 1860 denarios
362 1824 521 1870 perdere
545 1835 552 1859 :
577 1823 756 1859 denarios
774 1823 930 1869 templo,

151 1871 315 1918 seipsum
339 1872 491 1908 diabolo
526 1871 681 1907 tradidit
710 1875 747 1906 et
778 1870 929 1916 laqueo.

154 1919 217 1955 llic
238 1920 423 1956 habemus
446 1919 520 1955 duo
542 1919 716 1965 exempla
739 1930 746 1953 :
766 1917 932 1964 primum

154 1971 223 2011 est,
238 1967 338 2013 quod
357 1966 517 2003 avaritia
529 1977 603 2002 non
623 1971 679 2002 est
694 1966 796 2002 aliud
819 1976 932 2012 quam

152 2015 305 2062 quidam
337 2015 494 2061 laqueus
528 2013 684 2055 diaboli,
722 2024 790 2060 per
819 2023 932 2059 quam

154 2062 353 2109 suspendit
377 2073 536 2105 avaros3
575 2063 783 2097 secundum
811 2071 932 2096 exem-

153 2110 258 2157 plum
275 2110 451 2156 est,quod
472 2109 676 2146 crudelitas
692 2108 933 2155 praesidentis

155 2163 211 2194 cst
229 2158 378 2194 occasio
402 2156 684 2203 desperationis
708 2155 930 2201 peccatoris.

153 2205 271 2242 Judas
281 2205 382 2241 enim
397 2204 526 2241 retulit
540 2205 740 2251 pecuniam
749 2203 933 2250 poeniten-

154 2253 207 2289 tia
232 2255 422 2297 ductus,et
436 2258 630 2298 peccatum
652 2262 762 2288 suum
779 2255 833 2288 est
847 2262 932 2287 con-

154 2301 469 2346 sessus;sed,quia
478 2299 664 2346 principes
673 2300 767 2335 dure
780 2309 934 2345 respon-

154 2348 294 2384 derunt
315 2347 401 2392 sibi,
427 2347 593 2384 dicentes
622 2359 630 2383 :
655 2348 752 2390 Quid
771 2347 819 2382 ud
838 2356 902 2382 nos
916 2349 934 2382 ἱ)

156 2398 210 2432 Tu
227 2397 384 2437 videris;
403 2395 623 2441 desperatus
639 2397 780 2439 abiens,
802 2395 934 2439 laqueo

153 2454 191 2479 se
230 2443 438 2490 suspendit.
481 2443 540 2479 Sic
578 2443 796 2487 frequenter
835 2441 934 2477 circa

153 2495 394 2538 peccatorem
415 2490 567 2527 accidit.
589 2490 705 2527 Judas
725 2490 865 2536 laqueo
894 2500 934 2525 se

154 2540 352 2585 suspendit
373 2538 409 2574 in
444 2542 557 2574 terrae
578 2537 805 2581 meditullio,
832 2536 935 2572 indi-

155 2597 253 2632 gnus
280 2586 479 2622 hominum
513 2590 550 2621 et
582 2585 813 2630 Angelorum
843 2595 933 2620 con-

157 2636 273 2670 sortio
287 2646 294 2670 ε
310 2633 487 2679 indignus
502 2632 626 2677 colligi
643 2633 740 2668 inter
755 2632 934 2679 Angelos,

158 2681 275 2728 quiin
292 2681 396 2717 ecelis
415 2686 522 2724 sunt;
543 2681 718 2724 indignus
734 2680 849 2716 etium
867 2679 937 2715 col-

161 2729 225 2776 ligi
248 2729 346 2766 inter
367 2728 555 2771 homines,
572 2728 635 2774 qui
653 2727 823 2771 interr-n
839 2726 934 2763 soci-

162 2787 203 2813 us
216 2775 718 2821 sactusdaemonuni,quibus
734 2776 936 2822 deputatus

998 211 1055 243 est
1076 218 1141 243 aer
1163 207 1232 243 iste
1253 205 1480 252 caliginosus
1508 205 1544 240 in
1565 214 1773 247 carcerem,

1000 265 1116 300 usque
1138 254 1184 290 ad
1204 254 1401 299 judicium.
1427 254 1520 289 Sunt
1540 256 1666 289 autem
1695 256 1772 286 tres

999 301 1165 338 rationes
1189 313 1304 347 quare
1328 301 1390 337 tali
1409 303 1529 337 morte
1548 298 1673 336 decuit
1689 309 1774 345 pro-

999 349 1162 385 ditorem
1181 348 1333 384 interire
1357 360 1365 384 :
1386 348 1520 395 prima,
1546 351 1584 383 ut
1602 347 1774 384 elevatus

1000 396 1037 432 in
1057 407 1158 433 aere.
1182 397 1326 431 socium
1348 408 1385 431 s·=
1400 396 1619 431 ostenderet
1635 394 1774 430 dieino-

1001 442 1242 487 num,inl1·›c
1261 454 1348 478 acre
1371 443 1578 488 caliginoso
1598 441 1774 478 habitan-

1000 491 1120 535 tium3
1152 490 1328 532 secundi,
1354 490 1441 535 qnia
1471 489 1693 535 paciscendo
1723 488 1775 524 lo-

1000 543 1107 575 cutus
1135 538 1269 578 suerat,
1299 537 1335 572 in
1358 541 1507 580 gutture
1536 539 1703 583 punitur,
1738 539 1781 571 ut

999 585 1149 622 arterize
1176 596 1259 631 quse
1281 595 1408 620 vocem
1429 583 1656 630 proditionis
1684 581 1779 619 emi-

1001 636 1143 673 serant,
1158 631 1410 679 punirentur:
1428 631 1516 677 quia
1529 643 1594 677 per
1609 642 1688 676 quae
1703 641 1784 676 pec-

1000 685 1058 717 eat
1081 683 1178 726 quis,
1198 691 1262 726 per
1282 681 1353 715 lifes:
1371 683 1404 714 ec
1422 683 1633 724 torquetur;
1652 678 1779 716 tertia.

1003 733 1041 764 ut
1063 728 1157 764 crnlo
1193 731 1229 763 ct
1255 731 1368 763 terrae
1399 737 1533 762 exosus
1556 725 1782 761 ostendere-

1002 782 1075 819 tur,
1099 775 1187 821 quia
1210 786 1228 809 n
1249 786 1284 810 »n
1312 774 1433 810 solum
1450 772 1674 818 proditionis
1703 772 1782 806 cul-

1002 834 1088 870 pam
1119 822 1323 859 emendare
1359 820 1539 867 nequivit,
1563 819 1627 856 sed
1667 818 1782 855 etiam

1003 869 1197 907 homicidii
1226 869 1366 916 proprii
1390 868 1513 904 scelus
1534 867 1692 903 addidit.
1715 866 1782 902 Mi-

1005 917 1136 955 rabilis
1164 917 1306 953 duritia
1333 916 1567 954 Judaeorum.
1601 926 1694 961 quos
1716 924 1782 950 nec

1009 965 1195 1001 consessio
1217 964 1376 1011 peccati,
1401 974 1469 1000 nec
1492 961 1680 999 restitutio
1703 972 1786 1008 pre-

1007 1013 1062 1058 tii,
1098 1024 1164 1048 uec
1198 1011 1367 1059 operatio
1409 1010 1549 1057 proprii
1590 1007 1783 1054 suspendii

1007 1059 1202 1103 emollivit,
1239 1059 1327 1105 quia
1361 1069 1427 1095 nec
1464 1056 1676 1103 pinnitenti,
1716 1066 1785 1092 nec

1007 1107 1238 1155 projicienti,
1261 1118 1328 1143 nec
1352 1118 1389 1142 se
1411 1105 1656 1151 suspendenti
1677 1103 1785 1140 Judae

1008 1155 1263 1191 crediderunt.
1278 1155 1368 1191 Cum
1383 1153 1480 1190 Juda
1496 1152 1635 1199 quippe
1653 1156 1787 1188 semet-

1008 1203 1111 1250 ipsos
1132 1202 1380 1248 suspendunt,
1404 1202 1466 1247 qni
1490 1200 1637 1236 veniam
1660 1202 1787 1245 petere

1008 1255 1046 1287 et
1075 1249 1322 1287 satisfactioni
1346 1248 1543 1285 intendere
1574 1247 1719 1283 nolunt.
1741 1248 1789 1282 Et

1009 1300 1149 1344 crepuit
1196 1298 1351 1338 medius,
1395 1295 1522 1333 effusis
1564 1294 1786 1339 visceribus,

1009 1351 1120 1393 rupto
1141 1345 1243 1381 enim
1271 1346 1406 1391 laqueo
1429 1347 1585 1390 putatur
1605 1341 1785 1378 cecidisse

1009 1398 1046 1430 et
1067 1394 1272 1439 crepuisse,
1294 1396 1330 1428 et
1350 1393 1387 1427 in
1412 1392 1482 1427 hoc
1503 1388 1784 1437 quodammodo

1009 1442 1177 1478 delatum
1200 1443 1255 1476 est
1277 1439 1348 1484 ori,
1362 1450 1435 1485 quo
1452 1438 1645 1474 osculatus
1661 1435 1786 1472 Domi-

1011 1500 1100 1525 num
1126 1490 1260 1531 suerat,
1283 1498 1329 1523 ne
1354 1498 1418 1532 per
1445 1497 1487 1522 os
1504 1486 1683 1521 damnata
1703 1483 1784 1519 ani-

1010 1547 1071 1572 ma
1091 1535 1233 1578 exiret3
1266 1546 1339 1571 non
1363 1533 1462 1570 enim
1488 1536 1565 1569 tam
1586 1532 1711 1568 viliter
1727 1531 1786 1567 in-

1009 1583 1157 1631 quinari
1178 1582 1321 1626 debuit,
1351 1581 1450 1628 quod
1472 1585 1548 1616 tam
1577 1580 1785 1625 gloriosum

1010 1631 1202 1667 scilic-etos
1222 1629 1359 1666 Christi
1376 1627 1601 1674 contigerat.
1622 1627 1783 1672 Dignum

1010 1678 1111 1715 enim
1137 1682 1220 1714 erat
1241 1682 1280 1713 ut
1302 1676 1461 1719 viscera,
1486 1686 1569 1722 quae
1598 1673 1784 1720 proditio-

1010 1737 1096 1763 nem
1118 1727 1371 1772 conceperant
1393 1728 1506 1770 rupta
1533 1722 1728 1764 caderent,
1746 1724 1784 1756 et

1011 1777 1140 1820 guttur
1172 1783 1245 1819 qno
1269 1783 1338 1808 vox
1370 1769 1600 1818 proditionis
1630 1771 1788 1812 exierat,

1011 1823 1145 1868 laqueo
1175 1823 1402 1857 arctaretur.
1434 1820 1540 1865 Saepe
1571 1818 1672 1853 enim
1708 1827 1789 1852 mo-

1011 1870 1081 1905 dus
1099 1878 1222 1915 poenae
1255 1866 1431 1914 exprimit
1466 1865 1621 1902 modum
1650 1862 1786 1910 culpae.

1013 1918 1075 1952 Vae
1095 1916 1217 1960 Judae,
1238 1915 1326 1962 quia
1349 1915 1396 1951 ad
1417 1914 1560 1950 sontem
1577 1911 1792 1948 misericor-

1012 1964 1084 2001 diae
1107 1975 1173 2009 per
1190 1974 1295 2009 spem
1313 1963 1433 1999 veniae
1462 1972 1538 1997 non
1574 1959 1700 2003 rediit,
1724 1958 1791 2011 sed

1012 2011 1153 2058 proprii
1176 2009 1330 2047 sceleris
1354 2009 1594 2045 immanitate
1606 2012 1790 2052 perterri-

1012 2063 1070 2096 tus
1089 2058 1329 2105 desperavit!
1361 2059 1404 2093 Et
1431 2056 1515 2093 ideo
1539 2055 1632 2092 dicit
1661 2056 1792 2090 Hiero-

1011 2118 1155 2152 nymus,
1185 2106 1284 2153 quod
1324 2104 1443 2151 magis
1474 2104 1590 2140 Judas
1632 2101 1793 2138 offendit

1015 2157 1130 2191 Deum
1148 2154 1300 2200 quando
1321 2164 1361 2189 se
1381 2150 1590 2198 suspendit,
1615 2159 1730 2196 quam
1755 2149 1792 2184 in

1010 2203 1082 2238 hoc
1101 2201 1202 2245 quiid
1227 2211 1312 2237 eum
1331 2199 1514 2247 prodidit.

1059 2253 1078 2285 5
1101 2251 1235 2285 Plu-:Tio
1259 2259 1451 2284 saxonis-is
1475 2248 1623 2282 Cumsn
1661 2255 1793 2280 amma

1011 2309 1104 2334 Aean
1130 2299 1364 2333 HACELDAMA.
1391 2316 1433 2321 —
1455 2295 1647 2339 Principes
1667 2295 1793 2328 autem

1010 2346 1253 2384 sacerdotum,
1277 2345 1439 2389 acceptis
1457 2343 1654 2388 argenteis,
1682 2340 1791 2375 clime-

1012 2397 1120 2429 runt:
1142 2394 1221 2429 Non
1238 2393 1323 2427 licet
1349 2401 1406 2426 eos
1422 2392 1580 2433 mittere,
1600 2388 1634 2424 id
1658 2391 1715 2423 est
1735 2397 1793 2423 re-

1012 2442 1177 2483 mittere,
1195 2441 1234 2474 in
1255 2439 1468 2482 corbonam,
1483 2437 1521 2473 id
1538 2435 1646 2472 estin
1662 2434 1794 2481 templi

1011 2487 1336 2534 gazophylacium,
1374 2485 1478 2522 unde
1514 2495 1579 2520 eos
1608 2483 1794 2524 tulerant,

1013 2538 1102 2581 quia
1122 2536 1281 2581 pretium
1304 2544 1398 2578 sang]
1408 2534 1508 2569 uinis
1521 2535 1557 2568 et
1569 2530 1703 2567 mortis
1717 2533 1793 2573 θείς

1013 2583 1112 2629 quod
1138 2581 1187 2618 ibi
1224 2583 1372 2618 mittere
1413 2580 1628 2622 noluerunt,
1656 2588 1796 2614 caven-

1013 2635 1069 2666 tes
1089 2629 1231 2665 seilicet
1265 2640 1310 2665 ue
1348 2638 1479 2664 sacros
1507 2626 1650 2663 loculos
1686 2635 1798 2671 prcu-

1015 2678 1077 2714 nia
1099 2680 1254 2713 cruenta
1275 2677 1502 2723 polluerent.
1526 2675 1636 2717 Vere,
1656 2682 1795 2709 serun-

1015 2726 1104 2762 dum
1117 2722 1555 2770 Hieronymum,culicem
1568 2720 1795 2762 excolantes,

1015 2777 1053 2810 et
1074 2772 1263 2810 camelum
1278 2771 1507 2819 glutientes:
1531 2769 1560 2805 si
1583 2767 1684 2804 euim
1708 2766 1793 2802 ideo
