1924 3157
211 165 251 200 80
665 160 875 194 SECUNDAE
914 160 1070 193 mitris
1108 147 1245 191 cirri*
1284 159 1382 191 Lxli

212 236 328 273 nostri
354 235 390 271 in
405 232 549 279 judicio
571 242 769 279 apparere,
791 242 873 267 cum
896 231 989 277 qui-

210 285 279 320 bus
301 283 381 329 ipse
406 282 584 327 dignatus
607 279 677 315 l'uit
696 279 838 315 Jndaets
861 283 987 314 osten—

210 330 295 366 tari.
316 332 415 367 Jcsu.
438 330 502 374 qui
524 338 603 362 cum
617 328 801 362 illuswnis
817 328 988 370 insigniis

210 378 345 413 Judaeis
389 376 565 411 ostentari
606 375 769 413 voluisti,
812 374 860 408 da
898 375 989 408 mihi

212 426 486 460 ostentationem
514 431 617 456 canae
651 422 777 466 gloriae
811 421 985 459 devitare,

212 476 245 507 et
269 482 347 507 cum
369 470 502 505 eisdem
521 470 695 513 insigniis
714 470 880 514 mysticis
906 471 989 502 ante

214 522 440 564 conspectum
467 520 567 552 tuum
594 517 632 552 in
665 519 823 553 eaetremc
845 515 988 559 judicio

217 575 434 610 comparere.

263 616 305 657 24
325 613 515 649 Cniuonas
540 612 739 647 JUDAEORL'M
771 619 989 645 carcir1x1o-

214 671 286 696 NEM
307 661 439 696 Domm
460 670 675 701 PETENTIUM,
691 667 927 692 noccmmru
947 667 989 690 nx

217 719 286 751 Ειε,
313 718 422 744 acres
448 715 754 741 CONFORMATIONIS
778 715 819 738 ET
845 714 987 755 onlimo.

216 777 256 784 ·-
277 756 347 791 Sed
372 753 459 790 licet
487 752 627 788 Pilatus
657 752 736 787 haec
764 754 864 795 agat,
887 760 988 785 insa-

211 801 353 838 tiabilis
368 808 495 837 tamen
508 799 779 850 sacrilegorum
798 798 902 833 furor
915 807 989 832 non

211 853 347 892 cessat,
375 847 546 894 quinimo
581 845 701 892 magis
739 849 869 897 instat.
894 845 988 879 Ecce

211 907 350 942 magna
366 893 575 942 pertinacia
592 893 826 935 Judaeorum,
848 902 885 926 1n
906 901 987 935 pro-

212 944 378 980 curando
401 948 559 977 mortem
581 939 733 982 Christi,
757 949 844 974 nam
869 938 985 973 obsti-

211 995 301 1027 nata
333 988 500 1035 nequitia
528 998 604 1023 non
624 987 816 1023 emollitur
837 985 983 1021 miseri-

214 1037 356 1075 cordia.
376 1038 478 1072 Tunc
499 1036 597 1071 enim
619 1045 698 1070 cum
712 1034 890 1068 vidissent
907 1043 986 1067 eum

214 1086 267 1122 sic
288 1084 460 1132 punitum
487 1087 523 1118 et
544 1082 710 1125 illusum,
730 1079 783 1116 illi
806 1080 928 1116 Judaei
945 1079 985 1115 fi-

214 1132 252 1169 lii
281 1131 436 1174 diaboli,
469 1129 682 1176 praesertim
726 1127 918 1172 Pontifices
953 1130 986 1162 et

212 1181 376 1216 ministri
395 1182 431 1214 et
458 1178 741 1223 cognoscerent,
761 1174 861 1220 quod
887 1173 984 1209 Pila-

212 1231 273 1264 tus
291 1226 344 1262 sic
364 1226 514 1261 volebat
527 1222 716 1259 dimittere
733 1233 833 1273 eum,
851 1221 888 1256 in
906 1221 986 1256 nul-

212 1275 248 1311 lo
270 1272 541 1319 compatientes
559 1272 662 1313 ei,ac
684 1268 891 1321 punitionis
907 1279 987 1303 cor-

210 1321 397 1368 reptione,
414 1323 450 1355 et
464 1317 677 1354 illusionum
693 1317 896 1362 opprobrlo
910 1326 982 1351 non

213 1367 392 1410 contenti,
416 1377 484 1402 nec
513 1364 619 1401 Pilati
639 1363 880 1400 excusatione
901 1362 983 1408 pla·

212 1416 283 1452 cati
327 1414 548 1453 clamabant,
569 1411 813 1449 tumultuose.
836 1414 872 1445 et
891 1410 984 1445 alios

212 1464 259 1500 ad
280 1461 519 1498 clamandum
540 1458 767 1500 excitabant,
791 1457 949 1491 dicentes
973 1470 983 1492 :

212 1512 402 1555 Crucifisse.
425 1508 594 1552 crucifige
621 1516 713 1541 eum.
739 1503 852 1548 Quasi
884 1504 984 1540 dice-

212 1563 298 1594 rent
321 1568 330 1592 2
356 1557 439 1591 Haec
458 1564 572 1601 poena
595 1553 696 1588 nullo
734 1553 845 1587 modo
876 1551 985 1587 nobis

213 1603 366 1647 sufficit,
388 1602 453 1639 sed
475 1601 634 1648 petimus
660 1600 757 1645 quod
787 1600 984 1635 moriatur.

213 1647 621 1693 Videnteseummagis
634 1646 982 1688 commovebantur,

216 1702 303 1746 quia
329 1709 371 1735 ex
398 1699 553 1743 aspectu
572 1695 652 1741 ejus
677 1693 739 1740 qui
761 1692 847 1729 odio
868 1693 984 1746 babe-

212 1751 288 1791 tur,
310 1746 429 1790 magis
450 1750 582 1779 contra
612 1751 699 1777 eum
731 1751 796 1776 cor
823 1740 986 1776 odientis

211 1794 480 1830 inflammatur.
505 1788 743 1835 Ingeminant
762 1791 885 1823 autem
907 1798 987 1823 crn-

215 1842 339 1887 cifige‚
366 1841 518 1884 propter
542 1835 718 1872 desiderii
752 1835 984 1888 vehementi·-

217 1899 291 1932 am,
314 1891 351 1923 et
367 1885 455 1932 quia
477 1884 666 1920 voluntate
685 1886 721 1918 et
741 1893 852 1926 opere
871 1893 986 1917 cruct-

215 1937 378 1972 fixerunt
394 1943 494 1969 eum.
517 1933 651 1976 Magna
671 1929 885 1973 crudelitas,
899 1929 986 1975 quia

216 1994 292 2019 non
319 1980 457 2017 sufficit
482 1978 535 2015 eis
567 1979 744 2021 alterum,
763 1976 904 2012 scilicet
930 1977 985 2012 vel

216 2030 421 2076 flagellare,
444 2027 501 2063 vel
541 2025 726 2069 oct-idere,
755 2025 818 2059 sed
842 2028 984 2059 utrum-

215 2088 312 2124 que;
334 2086 402 2111 nec
429 2073 596 2110 contenti
631 2075 716 2107 sunt
750 2082 985 2117 quacumque

215 2128 351 2167 morte,
372 2122 438 2158 sed
475 2119 691 2167 turpissima
725 2123 762 2154 et
786 2118 986 2154 cl=1=·i5>ima

216 2183 256 2209 se
276 2170 396 2207 crucis
418 2168 636 2205 desiderant
662 2165 849 2210 occidere,
871 2165 986 2202 clavis

215 2218 318 2266 astigi
345 2218 393 2254 ad
414 2216 555 2262 lignum
577 2218 753 2260 quaerunt
775 2225 784 2249 ι
807 2224 853 2249 ne
879 2214 986 2249 dolor

218 2266 325 2303 citius
356 2263 524 2306 finiatur,
545 2263 611 2298 sed
654 2264 773 2296 morte
803 2260 987 2306 producta

215 2313 412 2355 moriatur,
425 2315 461 2347 et
478 2314 519 2346 ut
539 2311 575 2345 in
587 2319 694 2345 cruce
710 2307 849 2343 diutius
865 2308 986 2344 videa-

214 2365 299 2405 tur,
345 2363 381 2395 et
425 2357 536 2394 modo
576 2355 708 2392 mortis
753 2354 983 2391 diffametur.

215 2410 277 2451 Et,
314 2405 521 2443 secundum
551 2405 841 2448 Chrysostomum
862 2431 872 2443 ,
904 2402 987 2438 sor-

214 2455 401 2491 midantes
429 2463 475 2488 ne
499 2451 624 2496 aliqua
648 2451 728 2496 ejus
761 2453 846 2496 post
864 2449 986 2495 ipsum

214 2503 282 2538 fiat
311 2499 507 2541 memoria,
528 2498 680 2533 student
715 2500 751 2532 et
777 2497 824 2532 ad
846 2497 985 2543 suppli-

214 2550 312 2585 cium
334 2549 472 2584 ducere
494 2546 747 2581 maledictum.
771 2545 923 2587 Verum,
947 2547 987 2579 ut

214 2596 303 2633 dicit
322 2596 507 2632 thbczrzus.
529 2591 648 2628 Judaei
669 2591 713 2626 de
728 2597 847 2626 morte
867 2601 986 2637 pessi-

215 2655 275 2680 ma
308 2641 540 2688 cogitabant,
567 2643 630 2675 >ed
662 2649 683 2674 a
718 2638 888 2681 Domino,
911 2648 986 2674 non

206 2688 506 2736 intelligentibus
524 2686 593 2724 eis.
611 2686 730 2722 electa
748 2694 842 2721 erat.
862 2687 984 2731 Ipsam

210 2739 312 2776 enim
333 2745 483 2773 crucem
518 2733 668 2770 diabolo
691 2739 884 2780 superato,
905 2736 986 2769 erat

208 2791 400 2834 tamquam
413 2782 625 2829 trophaeum
641 2780 678 2817 in
699 2780 884 2817 frontibus
898 2780 988 2816 fide-

1067 230 1157 266 lium
1195 229 1397 276 posituruS.
1433 229 1553 266 Cerne
1591 229 1704 266 etiam
1739 242 1838 268 nnnc

1067 278 1255 323 quomodo
1273 275 1325 311 sic
1340 276 1612 313 contumeliose
1635 277 1789 315 vestitus
1802 283 1840 314 et

1067 329 1278 366 coronatus,
1297 327 1428 359 etcum
1445 328 1591 370 sceptro
1623 324 1780 369 incedit,
1801 328 1838 362 et

1066 371 1254 417 quomodo
1280 370 1374 406 facie
1414 369 1568 406 dimissa
1599 376 1673 407 stat
1708 383 1836 409 coram

1067 423 1171 455 tanta
1195 416 1438 454 multitudine
1460 417 1686 454 vociferante
1710 423 1747 454 et
1767 420 1839 456 cla-

1065 469 1191 502 mante
1220 476 1228 500 :
1252 465 1451 510 Crucifige‚
1483 464 1673 511 cruicfige,
1696 476 1836 504 acsem-

1065 523 1132 559 per
1149 523 1235 549 eum
1257 511 1451 548 deridente
1471 515 1509 547 et
1522 511 1592 548 sibi
1613 512 1836 559 insultante,

1066 559 1171 606 quasi
1194 558 1443 606 sapientiores
1463 569 1506 594 eo
1529 559 1705 604 fuerunt;
1730 559 1837 597 etsie

1065 618 1140 643 non
1161 607 1282 643 solum
1308 606 1458 642 dolores
1478 608 1516 642 et
1538 616 1682 651 poenas,
1704 607 1770 643 sed
1790 618 1837 644 e-

1066 654 1156 690 tiam
1177 653 1426 690 contumelias
1443 655 1480 688 et
1497 656 1663 690 terrores
1682 653 1838 708 recipie-

1067 702 1129 737 bat
1151 702 1197 738 ab
1233 700 1301 736 eis.
1324 702 1373 736 Ex
1408 701 1480 736 hoc
1505 700 1678 746 articulo,
1701 711 1765 747 qm
1798 701 1838 738 in

1065 748 1229 784 clamore
1245 747 1430 792 consistit,
1452 748 1614 784 trahitur
1631 748 1838 785 documen·

1065 798 1158 839 tum,
1180 795 1280 841 quod
1301 806 1376 831 non
1401 795 1517 831 refert
1551 795 1599 831 ad
1631 796 1750 842 culpae
1775 795 1837 832 in-

1064 843 1273 878 tentionem
1301 842 1472 878 occidere
1494 843 1688 878 hominem
1710 844 1837 890 lingua

1063 890 1119 925 vel
1149 890 1288 933 gladio,
1307 891 1409 925 unde
1444 888 1642 925 psalmista
1663 900 1672 925 t
1692 891 1838 934 Linqua

1063 947 1181 972 eorum
1204 937 1354 980 gladius
1378 939 1530 979 acutu33
1552 939 1589 972 et
1610 936 1776 983 loquitur
1789 937 1837 974 ad

1063 983 1225 1019 litteram
1238 984 1282 1019 de
1300 983 1440 1019 Judaeis
1458 983 1731 1020 clamantibus:
1751 984 1837 1021 Cru·

1063 1031 1182 1078 cifigei
1205 1033 1323 1077 Super
1342 1042 1414 1076 quo
1430 1031 1662 1075 Auyustinus
1677 1043 1687 1066 :
1705 1044 1722 1065 «
1739 1031 1835 1078 Noli,

1062 1080 1127 1122 ait,
1153 1078 1349 1114 attendere
1370 1077 1535 1114 inermes
1547 1079 1775 1123 manus‚sed
1792 1090 1836 1116 os

1062 1131 1262 1169 armatum,
1282 1125 1371 1161 inde
1393 1125 1540 1171 gladius
1560 1127 1744 1171 processit
1760 1137 1833 1172 quo

1062 1172 1229 1209 Christus
1248 1172 1495 1208 occideretur.
1519 1186 1537 1204 »
1562 1174 1725 1209 Caveant
1742 1184 1832 1219 ergo

1060 1221 1129 1256 sibi
1150 1221 1394 1261 detractores,
1413 1223 1449 1255 et
1464 1219 1722 1266 proximorum
1740 1220 1834 1257 infa-

1059 1272 1236 1303 matores.
1259 1278 1305 1303 ne
1326 1271 1507 1303 exacuant
1522 1271 1560 1303 ut
1579 1267 1745 1313 gladium
1766 1268 1835 1304 lin·

1058 1325 1150 1360 guas
1162 1325 1251 1350 sua:
1269 1314 1356 1360 quia
1373 1314 1601 1360 sicutgladio
1619 1315 1832 1361 corpus,sic

1059 1362 1187 1407 lingua
1208 1362 1307 1397 fama
1328 1361 1493 1397 hominis
1513 1361 1735 1408 perimitur;
1765 1374 1831 1399 un-

1059 1409 1104 1444 de
1119 1409 1254 1444 dicitur
1270 1409 1308 1444 in
1328 1407 1543 1444 Proverbiis
1562 1420 1570 1444 :
1590 1410 1688 1445 Mors
1703 1413 1738 1445 et
1753 1412 1831 1447 vita

1059 1456 1287 1491 inmanibus
1320 1457 1465 1500 linquae.
1489 1457 1598 1500 Item,
1627 1459 1684 1492 est
1714 1457 1830 1494 docu-

1060 1509 1242 1547 mentum,
1268 1503 1368 1548 quod
1388 1514 1463 1538 non
1483 1513 1633 1549 semper
1652 1503 1700 1540 ad
1721 1515 1833 1550 quae-

1060 1551 1150 1586 libet
1172 1552 1404 1592 interrogata
1431 1555 1486 1586 est
1506 1551 1827 1596 respondendum.

1059 1598 1115 1633 Ad
1137 1598 1450 1633 conformandum
1487 1608 1526 1633 se
1554 1596 1640 1633 hnic
1657 1598 1830 1645 articulo,

1060 1644 1241 1690 recogitet
1266 1645 1377 1681 humo
1399 1655 1511 1690 quam
1538 1644 1727 1682 terribiles
1748 1647 1831 1683 fue-

1060 1696 1148 1728 runt
1171 1691 1223 1727 illi
1244 1694 1426 1727 clamores
1445 1692 1678 1737 Judaeorum,
1701 1696 1738 1729 et
1763 1705 1830 1730 re-

1060 1743 1289 1775 memoretur
1308 1750 1355 1775 an
1380 1739 1459 1785 ipse
1488 1750 1665 1785 umquam
1694 1739 1834 1787 iniquis

1059 1786 1498 1830 hominuminsidtis,aut
1514 1787 1830 1833 oblocutionibus,

1059 1845 1125 1870 seu
1148 1833 1442 1870 detracti-»nibus
1463 1837 1595 1870 contra
1620 1834 1830 1880 proximum

1059 1892 1127 1928 per
1172 1892 1397 1917 consensum
1434 1881 1738 1926 conclamaverit,
1773 1883 1830 1920 vel

1061 1929 1151 1965 alias
1168 1932 1279 1975 prout
1297 1930 1394 1964 Deus
1415 1928 1575 1971 dederit,
1597 1932 1633 1964 et
1654 1928 1706 1965 sic
1723 1934 1830 1967 oret:

1058 1978 1156 2017 Jesu,
1181 1978 1245 2021 qui
1275 1977 1455 2011 terribiles
1491 1976 1698 2012 Judaeorum
1714 1988 1830 2024 voces,

1060 2026 1241 2068 crucifige,
1259 2025 1427 2068 crucifige
1441 2024 1692 2066 clamantium,
1702 2025 1832 2062 audire

1059 2073 1208 2106 minime
1235 2073 1432 2117 eaepavz'sti,
1457 2071 1506 2105 da
1536 2072 1629 2106 mihi
1664 2071 1830 2109 inimico-

1060 2130 1140 2153 rum
1161 2122 1303 2154 tuorum
1320 2119 1438 2153 verbis
1459 2118 1745 2155 eaesecrabt'lz'bus
1761 2131 1832 2157 non

1061 2167 1201 2206 terreri,
1237 2169 1271 2201 et
1305 2167 1432 2210 linqua
1469 2176 1548 2200 mea
1582 2171 1833 2204 nocumentum

1061 2215 1229 2260 proximo
1256 2224 1327 2248 ηοη
1346 2215 1498 2254 inferre.

1111 2264 1152 2296 25
1177 2261 1344 2298 Pauus.
1358 2260 1540 2296 Cnmswu
1557 2272 1744 2296 numnam:
1764 2273 1833 2297 vo-

1060 2319 1164 2351 Lexs,
1185 2319 1256 2344 emt
1280 2319 1397 2343 omno
1425 2319 1661 2345 INTERROGAT.
1691 2328 1735 2335 —
1760 2309 1833 2346 Sed

1061 2357 1203 2391 Pilatus
1234 2355 1365 2391 videns
1394 2355 1532 2391 Christi
1561 2354 1832 2401 innocentiam,

1062 2405 1097 2439 et
1113 2402 1333 2439 Judaeorum
1354 2402 1539 2439 malitiam
1556 2402 1832 2449 impellentium

1060 2450 1107 2485 ad
1128 2460 1207 2485 rem
1229 2449 1412 2493 illicitam,
1435 2453 1472 2485 et
1491 2460 1669 2486 recusans
1689 2450 1835 2486 crucifi-

1061 2507 1149 2543 gere
1170 2499 1315 2540 Jesum,
1339 2498 1430 2532 dicit
1456 2499 1507 2532 eis
1528 2509 1538 2533 ε
1561 2497 1728 2543 Accipite
1753 2508 1832 2533 eum

1061 2555 1136 2585 ros,
1150 2548 1184 2580 et
1200 2546 1411 2589 crucifiqz'te,
1432 2545 1494 2590 qui
1515 2543 1595 2580 sine
1614 2555 1729 2580 causa
1748 2555 1834 2581 con-

1063 2591 1235 2627 suevistis
1250 2591 1473 2628 innocentes
1489 2591 1757 2635 condemnare;
1768 2602 1831 2636 890

1062 2640 1155 2674 enim
1175 2649 1246 2674 non
1267 2640 1410 2674 invenio
1432 2640 1472 2674 in
1491 2649 1529 2674 eo
1548 2649 1707 2679 causam,
1731 2638 1832 2675 scili-

1062 2690 1120 2722 cet
1138 2685 1399 2730 crucifigendi,
1421 2689 1457 2721 et
1476 2684 1589 2722 dandi
1614 2685 1728 2722 talem
1748 2697 1833 2723 sen-

1062 2732 1232 2770 tentiam.
1262 2735 1400 2770 Verum
1436 2732 1528 2770 dixit
1560 2733 1714 2777 Pilatus,
1742 2733 1833 2781 quia

1062 2781 1232 2817 Christus
1260 2784 1450 2828 peccatu-m
1472 2791 1543 2817 non
1568 2781 1669 2827 fecit,
1697 2791 1760 2818 nec
1779 2783 1834 2818 in-
