1924 3157
142 249 201 282 294
560 251 767 287 SECUNDAE
804 253 960 288 PARTIS
999 253 1134 287 CAPUT
1173 249 1355 284 LXXXVI

140 318 198 355 nis
232 319 561 358 intercessionibus
591 332 660 358 nos
696 323 915 360 committa-

139 376 234 402 mus.
263 367 400 403 Omnes
442 368 650 413 patrociuia
685 370 789 407 omni
828 371 915 408 nisu

141 413 384 459 imploremus
422 425 430 449 t
471 418 512 451 ut
536 417 624 452 dum
660 427 728 454 nos
755 418 915 465 supplici

141 470 222 495 eam
242 460 419 507 obsequio
438 462 721 508 frequentemus
735 464 773 501 in
789 465 915 509 terris,

143 506 222 552 ipsa
243 518 311 543 nos
351 508 481 545 sedula
511 520 622 556 prece
648 514 918 548 commendare

142 553 317 600 dignetur
333 555 371 590 in
393 556 509 594 coelis.
529 559 655 604 Neque
677 559 779 595 enim
801 559 918 596 dubi-

144 601 298 637 tandum
319 605 375 638 est
394 613 491 643 eam.
514 614 597 650 quae
621 606 757 642 meruit
781 617 847 652 pro
876 606 919 642 li-

143 648 318 685 berandis
333 650 502 695 proferre
517 651 693 697 pretium,
715 664 822 699 posse
838 654 920 697 plus

143 695 289 731 Sanctis
304 697 480 734 omnibus
500 699 670 736 liberatis
702 701 920 746 impendere

144 742 378 787 suffragium.
415 745 486 782 Sed
517 746 607 792 quid
642 748 749 783 nohis
769 748 921 792 prodest

146 791 241 825 hanc
261 790 501 836 interpellare
528 795 694 839 vocibus,
718 794 791 830 nisi
806 796 920 830 etiam

147 837 368 874 humilitatis
391 839 471 885 ejus
506 841 673 886 exempla
698 841 922 877 teneamus?

147 885 330 921 Curemus
362 896 464 932 ergo,
501 887 737 924 dilectissimi
770 888 921 933 fratres,

147 934 187 967 ut
204 942 288 966 curn
303 932 414 978 huJus
427 933 502 969 diei
521 934 715 971 festivitati
739 936 923 971 interesse

147 977 332 1024 cupimus,
352 981 580 1016 vestimentis
610 982 831 1018 humilitatis
865 985 924 1018 at-

146 1036 218 1071 que
236 1026 402 1062 caritatis
423 1027 546 1063 induti
574 1039 836 1074 appareamus.
850 1031 925 1066 Nos

148 1083 226 1108 non
246 1072 388 1110 invidia
410 1074 542 1111 alienae
563 1075 751 1113 felicitatis
772 1080 924 1122 torque-

150 1123 202 1156 at.
224 1121 306 1156 Non
326 1120 383 1157 ira
397 1132 515 1167 usque
532 1123 580 1158 ad
602 1123 823 1160 divisionem
837 1124 928 1160 dila-

147 1166 237 1203 niet.
258 1168 338 1203 Non
357 1168 542 1215 cupiditas
561 1180 583 1206 a
606 1171 715 1207 nobis
737 1171 928 1207 Christum

150 1214 331 1250 excludat.
350 1217 431 1251 Non
449 1217 563 1252 seculi
584 1228 652 1253 nos
670 1217 824 1254 tristitia
845 1230 929 1255 exu-

153 1265 227 1302 rat:
254 1272 328 1298 non
347 1263 580 1310 prosperitas
602 1265 682 1311 ejus
699 1265 847 1302 incaute
867 1266 927 1302 de-

150 1307 275 1354 cipiat.
298 1310 379 1345 Non
394 1309 540 1347 luxuria
555 1322 622 1347 nos
640 1313 829 1359 inquinet;
852 1324 928 1349 non

150 1356 389 1392 immunditia
419 1357 575 1403 polluat.
604 1360 685 1395 Non
705 1359 816 1396 elatio
838 1371 927 1396 cor—

151 1407 322 1449 rumpat;
343 1414 419 1439 non
434 1405 610 1451 superbia
630 1407 735 1442 inflet
752 1418 760 1442 z
777 1411 828 1453 ut,
844 1417 928 1443 cum

155 1461 223 1486 nos
249 1449 451 1487 virtutibus
472 1457 638 1497 ornatos,
663 1454 818 1490 caritate
839 1465 928 1490 con-

154 1499 312 1543 junctos,
348 1498 560 1535 humilitate
594 1500 783 1545 fundatos,
819 1502 930 1539 beata

152 1544 219 1581 Dei
239 1545 399 1590 genitrix
419 1546 535 1582 Maria
560 1558 636 1584 suae
657 1559 726 1584 nos
750 1550 930 1585 interesse

154 1591 345 1628 festivitati
362 1594 605 1639 perspexerit,
629 1595 824 1632 ardentius
844 1597 931 1633 sub-

155 1639 281 1675 venire
304 1640 413 1676 nobis
432 1641 582 1678 festinet
603 1643 703 1688 apud
723 1643 871 1688 Filium,
895 1646 931 1680 et

157 1686 358 1723 Dominum
404 1698 515 1724 suum
555 1690 683 1725 Jesum
727 1690 927 1735 Christum,

155 1736 274 1770 Deum
296 1734 528 1771 Salvatorem
546 1741 730 1781 nostrum,
750 1738 813 1784 qui
826 1749 930 1774 coro-

156 1780 216 1817 nis
237 1781 412 1827 perennis
432 1782 539 1828 regni
563 1783 746 1820 clarificat
771 1785 929 1821 Sanctos

155 1839 256 1872 suos,
282 1831 318 1864 et
338 1833 394 1864 est
420 1832 560 1866 aeterna
581 1830 662 1866 laus
689 1834 724 1867 et
741 1835 928 1877 exspecta-

155 1875 207 1911 tio
229 1874 406 1911 omnibus
423 1876 550 1912 electis
569 1877 647 1913 suis
665 1893 672 1914 :
697 1892 715 1912 »
739 1879 820 1915 haec
841 1879 929 1914 Au-

158 1924 340 1967 9ustz'nus.
366 1923 469 1959 Unde
493 1926 530 1959 et
550 1925 744 1961 Anselmus
767 1937 775 1962 :
801 1939 818 1959 «
847 1927 929 1962 Ro-

157 1979 291 2016 gamus
311 1980 402 2015 ergo
428 1974 478 2013 te,
515 1971 684 2015 Domina,
715 1983 780 2017 per
808 1973 929 2019 ipsam

157 2015 336 2062 gratiam;
359 2016 447 2062 quia
464 2019 500 2053 te
521 2017 602 2061 pius
622 2022 659 2055 et
689 2019 929 2066 omnipotens

158 2065 255 2100 Deus
291 2062 343 2099 sic
371 2064 558 2108 exaltavit,
583 2070 620 2101 et
653 2066 780 2103 omnia
807 2072 930 2103 tecum

156 2110 350 2157 possibilia
379 2111 546 2155 donavit,
565 2116 748 2158 quatenus
773 2114 812 2150 id
833 2114 932 2161 apud

156 2159 280 2204 ipsum
316 2157 425 2194 nobis
456 2158 640 2204 obtineas,
669 2163 710 2196 ut
737 2161 930 2207 plenitudo

159 2206 290 2251 gratiae
322 2216 434 2251 quam
475 2207 643 2243 meruisti
670 2207 707 2243 in
738 2208 846 2245 nobis
879 2210 932 2244 sic

160 2255 349 2298 operetur,
391 2253 492 2298 quod
543 2254 784 2301 participium
829 2256 931 2292 beati

163 2299 306 2345 praemii
347 2300 428 2346 ejus
480 2300 591 2337 nobis
637 2301 932 2338 misericorditer

159 2347 384 2392 quandoque
411 2347 584 2384 donetur.
620 2349 675 2385 Ad
696 2350 768 2385 hoc
796 2350 933 2397 quippe

158 2395 256 2429 Deus
278 2398 406 2429 noster
437 2405 504 2440 per
536 2399 573 2431 te
600 2396 718 2432 factus
745 2407 783 2433 es
818 2397 934 2433 frater

161 2444 300 2480 noster,
325 2444 363 2476 ut
384 2442 790 2490 quemadmodumipse
806 2444 933 2491 ‹ligna-

162 2490 219 2523 tus
241 2490 297 2522 est
314 2497 469 2524 consors
495 2489 578 2525 fieri
602 2494 740 2527 nostrae
758 2491 934 2528 humani-

160 2533 270 2577 tatis3
296 2533 347 2569 sic
375 2538 411 2570 et
436 2547 504 2572 nos
528 2547 742 2574 mereamur
770 2549 934 2575 consor—

162 2584 218 2617 tes
234 2580 314 2616 tieri
328 2592 403 2618 suae
416 2581 635 2620 divinitatis.
655 2585 812 2622 Intende
827 2596 932 2632 ergo,

162 2628 330 2674 piissima
348 2629 520 2673 DomIna,
544 2634 582 2666 ut
616 2631 724 2668 nobis
758 2633 805 2669 ad
834 2633 933 2669 effe-

160 2679 260 2711 ctum
280 2676 489 2721 proveniat,
514 2682 668 2723 propter
694 2680 794 2725 quod
834 2681 933 2717 Deus

162 2726 290 2759 noster
303 2733 346 2758 ex
367 2727 430 2759 tuo
451 2725 659 2761 castissimo
679 2730 787 2763 utero
814 2727 933 2763 factus

160 2770 273 2806 homo
295 2770 395 2806 inter
423 2770 592 2808 homines
615 2774 730 2809 venit.
758 2775 832 2810 Nec
866 2773 931 2818 sis,

159 2827 387 2863 quaesumus,
426 2822 580 2854 exoratu
623 2819 801 2866 difficilis,
845 2821 933 2867 quia

157 2864 287 2909 procul
308 2864 421 2902 dubio
439 2864 539 2902 idem
564 2865 856 2912 benignissimus
877 2868 932 2905 Fi-

992 323 1062 360 lius
1080 325 1168 358 tuus
1189 320 1260 358 erit
1280 320 1328 357 ad
1349 320 1645 364 concedendum,
1668 319 1777 373 quid-

993 369 1082 416 quid
1109 369 1225 414 voles,
1245 370 1442 415 promptus
1463 369 1502 403 et
1530 367 1771 404 exaudibilis.

992 416 1268 454 Tantummodo
1312 415 1440 461 itaque
1481 414 1574 450 velis
1610 414 1771 467 salutem

992 468 1174 509 nostram,
1209 466 1246 499 et
1277 473 1364 498 vere
1400 471 1641 507 nequaquam
1677 461 1771 513 salvi

992 522 1073 548 esse
1094 521 1170 546 non
1201 509 1420 557 poterimus.
1441 508 1535 552 Quid
1553 518 1645 560 ergo
1658 510 1772 543 311111-

992 569 1058 605 ges
1091 558 1210 604 larga
1241 558 1385 593 viscera
1413 555 1682 608 misericordiae
1699 557 1773 608 tua}

993 609 1124 642 contra
1154 615 1239 649 nos,
1262 605 1437 648 Domina,
1460 606 1500 639 ut
1520 602 1616 638 nolis
1637 601 1773 638 salvarl

994 652 1087 689 nos‘?
1123 653 1232 689 Certe
1268 653 1369 687 Deus
1392 653 1532 693 noster,
1553 652 1648 685 teste
1668 648 1775 685 Psal-

994 701 1119 743 mista,
1153 697 1413 735 misericordia
1443 701 1575 734 nostra
1610 699 1693 740 est;
1726 698 1777 749 *tu

996 748 1165 794 ejusdem
1194 747 1259 783 Dei
1296 745 1430 790 nostri,
1469 745 1610 790 absque
1646 743 1774 787 dubio,

995 805 1085 830 vera
1107 795 1224 830 Mater
1243 804 1296 830 es.
1321 792 1357 830 Si
1377 795 1416 828 tu
1435 802 1524 838 ergo
1543 801 1627 837 quae
1647 790 1775 835 debes,

997 845 1034 878 et
1054 852 1187 878 revera
1207 840 1476 876 misericordiae
1503 841 1644 892 Mater,
1660 837 1775 874 dene-

998 899 1065 934 gas
1086 887 1194 924 nobis
1216 888 1392 924 effectum
1410 885 1695 930 misericordiae,
1717 895 1776 920 cu-

994 936 1056 982 jus
1079 938 1159 971 tam
1183 934 1410 971 mirabiliter
1438 934 1538 969 facta
1565 933 1774 986 esMater3

1001 983 1090 1029 quid
1122 982 1301 1018 faciemus
1329 991 1413 1017 cum
1434 980 1535 1017 idem
1556 981 1673 1033 Filius
1692 982 1777 1032 tuus

1001 1030 1210 1074 advenerit,
1235 1033 1390 1066 cunctos
1416 1038 1524 1073 aequo
1547 1027 1777 1079 3011101010-

1002 1077 1223 1113 dicaturus?
1243 1076 1433 1122 Siquidem
1454 1075 1541 1111 licet
1560 1076 1639 1121 ipse
1664 1074 1778 1110 Fil1us

1003 1128 1088 1160 tuus
1108 1124 1157 1160 sit
1189 1124 1460 1170 pe1'‚tet'actus
1480 1123 1597 1159 frater
1626 1123 1780 1166 noster3

1002 1171 1131 1218 utique
1163 1174 1291 1207 tamen
1329 1170 1395 1207 ubi
1421 1170 1653 1206 voluntatem
1678 1173 1782 1205 tuam

1004 1230 1081 1255 suae
1101 1218 1275 1254 videlicet
1300 1217 1529 1254 dulcissimae
1549 1216 1681 1253 matris
1698 1225 1780 1251 ma-

1004 1266 1060 1312 gis
1082 1269 1292 1312 porrectam
1313 1265 1531 1309 adverterit,
1547 1264 1636 1300 illuc
1652 1273 1779 1300 serva-

1003 1316 1041 1349 ta
1065 1313 1254 1359 aequitatis
1280 1312 1440 1355 ratione,
1462 1323 1484 1348 a
1501 1322 1575 1358 qua
1594 1316 1630 1347 te
1655 1309 1780 1364 nul-lag

1003 1363 1114 1396 tenus
1139 1361 1352 1406 discrepare
1372 1359 1468 1395 velle
1482 1359 1636 1402 videbit,
1647 1357 1779 1410 Judicu

1006 1407 1063 1444 sui
1078 1408 1318 1451 sententiam,
1329 1408 1406 1442 sive
1417 1407 1465 1443 ad
1481 1405 1779 1458 misericordiam

1003 1454 1246 1499 inflectendo,
1268 1454 1346 1490 sive
1375 1454 1423 1490 ad
1451 1453 1636 1500 justitiam
1655 1455 1779 1488 inten-

1006 1502 1141 1543 dendo,
1178 1501 1447 1549 promulgabit.
1487 1500 1649 1538 Subveni
1690 1509 1779 1545 ergo

1006 1550 1130 1593 nobis,
1165 1549 1338 1594 Domina,
1373 1551 1410 1584 et
1437 1559 1514 1584 non
1542 1547 1781 1600 considerata

1007 1599 1245 1642 peccatorum
1279 1598 1495 1632 nostrorum
1524 1595 1778 1648 multitud1ne‚

1006 1644 1100 1680 velle
1122 1648 1226 1680 tuum
1243 1643 1291 1680 ad
1314 1643 1572 1679 miserendum
1592 1642 1701 1680 nobis
1719 1651 1780 1677 ln-

1005 1692 1125 1727 ssecte.
1148 1691 1291 1737 Cogita,
1308 1701 1534 1737 quaesumus,
1553 1693 1591 1726 et
1610 1688 1780 1736 recogita

1004 1738 1104 1784 apud
1137 1741 1187 1783 te,
1220 1737 1309 1784 quia
1334 1749 1411 1774 non
1440 1738 1488 1774 ad
1511 1737 1779 1790 damnandum,

1005 1786 1070 1821 sed
1093 1785 1140 1821 ad
1159 1785 1380 1821 salvandum
1405 1788 1622 1831 peccatores
1643 1783 1780 1821 Condi-

1005 1836 1063 1868 tor
1079 1836 1207 1868 noster
1223 1833 1340 1868 sactus
1357 1836 1414 1868 est
1429 1833 1557 1877 homo,
1576 1843 1619 1869 ex
1639 1833 1689 1868 te.
1707 1831 1782 1868 Cur

1003 1879 1132 1925 itaque
1159 1890 1235 1915 non
1262 1880 1409 1925 juvabis
1443 1890 1512 1915 nos
1544 1882 1779 1926 peccatores,

1005 1937 1088 1972 quae
1105 1926 1143 1962 111
1165 1930 1307 1963 tantam
1328 1925 1590 1963 celsitudinem
1620 1936 1660 1962 es
1686 1936 1780 1971 pro—

1004 1977 1087 2020 pter
1107 1985 1174 2010 nos
1195 1974 1354 2018 elevata,
1377 1977 1417 2010 ut
1436 1976 1473 2010 te
1491 1974 1690 2009 Dominam
1710 1973 1779 2009 ha-

1003 2022 1102 2062 heat,
1125 2024 1162 2057 et
1182 2024 1382 2057 veneretur
1403 2023 1482 2057 tota
1506 2020 1650 2067 pariter
1671 2030 1777 2056 crea-

1003 2069 1116 2104 tura?
1135 2069 1191 2104 An
1210 2067 1296 2104 ideo
1319 2072 1446 2104 utrum
1468 2078 1668 2114 pereamus
1689 2077 1779 2104 am-

1002 2115 1100 2162 plius
1126 2126 1201 2151 non
1230 2115 1391 2159 curabis,
1417 2118 1504 2161 quia
1525 2113 1707 2162 quidquid
1730 2116 1781 2154 de

1005 2162 1115 2198 nobis
1142 2162 1291 2198 miseris
1320 2162 1421 2198 ultra
1451 2162 1616 2207 eveniat,
1648 2162 1787 2209 gloriae,

1005 2214 1079 2246 tuae
1096 2209 1201 2245 nulla
1219 2211 1368 2255 jactura
1385 2209 1473 2245 inde
1498 2209 1723 2256 proveniat?
1737 2213 1783 2248 Et

1005 2257 1077 2292 hoc
1109 2256 1262 2302 quidem
1297 2256 1469 2293 fortassis
1506 2257 1633 2304 aliquo
1669 2259 1781 2295 modo

1006 2304 1108 2340 bona
1128 2305 1286 2340 Domina
1305 2314 1448 2350 posses,
1466 2303 1498 2340 si
1516 2315 1584 2350 pro
1596 2305 1650 2341 tui
1665 2304 1782 2342 solius

1007 2350 1234 2387 exaltatione
1256 2354 1292 2387 et
1319 2350 1481 2388 utilitate
1508 2353 1626 2388 Mater
1645 2353 1712 2388 Dei
1731 2353 1783 2389 sa-

1007 2401 1068 2434 cta
1091 2397 1236 2434 fuisses.
1261 2399 1333 2434 Sed
1353 2397 1481 2445 utique
1506 2400 1617 2444 Deus,
1638 2401 1702 2445 qui
1719 2400 1784 2436 ho-

1008 2444 1150 2481 minem
1185 2445 1386 2491 assumpsit
1406 2457 1449 2482 011
1481 2449 1546 2483 tua
1574 2447 1785 2483 castissima

1008 2502 1132 2537 carne,
1167 2493 1239 2528 hoc
1270 2492 1358 2529 fecit
1385 2504 1454 2540 pro
1480 2496 1547 2530 tua
1581 2496 1620 2530 et
1654 2498 1785 2531 nostra

1009 2539 1198 2575 communi
1228 2540 1365 2576 salute.
1405 2541 1443 2577 Si
1478 2552 1569 2587 ergo
1610 2544 1665 2587 tu,
1699 2552 1782 2588 quae
1837 2552 1843 2557 ·

1007 2586 1119 2632 plena
1142 2587 1263 2624 salute
1289 2598 1329 2624 es
1351 2589 1480 2634 potita,
1503 2599 1580 2625 non
1602 2588 1783 2633 intendis,

1007 2637 1047 2670 ut
1073 2635 1206 2670 eadem
1226 2634 1328 2671 salus
1360 2645 1428 2681 pro
1459 2635 1612 2672 modulo
1651 2641 1782 2672 nostro

1008 2680 1122 2717 etiam
1154 2682 1201 2717 ad
1230 2693 1300 2718 nos
1320 2693 1442 2729 usque
1468 2682 1676 2729 pertingat;
1700 2683 1780 2730 jam

1007 2731 1158 2764 tuorum
1179 2729 1369 2766 sufficiens
1390 2730 1686 2776 commodorum,
1703 2741 1782 2767 no-

1007 2777 1170 2811 strorum
1190 2777 1385 2822 negligens
1400 2788 1480 2813 esse
1490 2777 1781 2823 videberis‚quae

1005 2832 1073 2868 pro
1095 2821 1209 2858 totius
1226 2823 1357 2859 mundi
1384 2824 1589 2860 salvatione
1610 2825 1780 2862 meruisti

1005 2869 1088 2906 fieri
1121 2870 1238 2906 Mater
1263 2870 1460 2917 Altissimi,
1480 2881 1564 2907 cum
1584 2881 1655 2908 nos
1675 2875 1779 2919 post-
