1924 3157
161 178 219 216 106
607 181 815 217 SECUNDAE
852 181 1008 218 PARTIS
1046 179 1182 215 citrt‘T
1221 178 1340 212 LXlIl

161 255 198 288 ct
229 250 474 296 derisionem,
502 251 574 289 hoc
602 252 692 290 boni
729 252 933 290 Christiani

162 303 384 336 convertere
402 299 543 335 debent
563 301 610 336 ad
632 299 765 337 Christi
784 304 820 337 et
838 303 934 338 San·
975 322 977 336 2

162 350 308 382 ctorum
331 346 558 392 praeconium
575 350 613 383 et
628 348 810 384 honorem
832 361 840 392 ;
867 348 935 384 sic-

157 398 198 430 ut
218 394 357 429 multos
389 393 486 430 ritus
508 394 712 440 paganicos
730 395 933 432 Christiani

160 444 386 476 convertunt
400 442 447 477 ad
463 441 603 478 cultum
618 442 696 478 Dei.
707 463 754 469 —
767 444 933 479 Tertium

159 487 425 524 documentum
447 491 516 533 est,
539 489 641 535 quod
661 489 813 533 caritas,
832 501 930 535 quae,

157 535 364 571 secundum
384 536 638 580 Auyustz'num
652 563 661 579 ,
695 535 933 582 significatur

159 592 227 628 per
247 581 412 618 tunicam
428 582 710 627 inconsutilem,
723 583 838 619 dividi
856 595 933 620 non

160 631 299 675 potest,
321 639 406 666 cum
426 629 830 676 ipsaceterasvirtutes
842 642 932 666 con-

160 678 297 712 nectat.
321 677 429 721 item,
449 678 549 723 quod
570 688 681 714 nemo
703 678 815 714 debet
835 677 932 713 schi-

164 727 284 759 smate
307 723 479 761 dissuere
511 735 641 768 unam,
665 729 848 765 sanctam,
871 735 932 760 ca-

159 770 338 807 tholicam
377 775 413 807 et
443 772 687 818 apostolicam
715 771 929 816 Ecclesiam,

162 828 245 863 quae
282 817 320 854 in
351 829 466 854 unum
503 829 636 855 omnes
671 818 823 863 colligit,
848 829 931 864 quae

161 865 274 900 etiam
296 875 362 910 per
387 865 553 902 tunicam
587 866 854 901 inconsutilem
885 865 932 901 si·

153 911 367 957 gnificatur.
406 915 564 959 Propter
593 913 695 958 quod
728 912 856 957 etiam,
876 923 930 949 se-

161 960 329 994 cundum
364 960 676 1004 Chrysostomum,
709 970 785 995 non
819 962 931 1006 caput

157 1005 304 1042 Christo
327 1009 546 1052 amputatur
571 1011 613 1042 ut
631 1006 784 1050 Joanni,
806 1017 929 1052 neque

160 1056 286 1089 sectus
307 1056 362 1088 est
394 1056 432 1088 ut
455 1053 584 1098 lsaias,
612 1057 654 1090 ut
673 1064 809 1099 corpus
829 1053 929 1090 inte-

157 1110 266 1146 grum
289 1103 325 1136 et
343 1099 572 1136 indivisibile
594 1100 706 1136 morti
732 1105 869 1145 servet,
892 1105 930 1137 et

156 1157 231 1183 non
250 1147 316 1183 fiat
332 1147 478 1184 occasio
494 1147 707 1184 volentibus
723 1148 928 1185 Ecclesiam

155 1193 337 1230 dividere.
365 1214 407 1222 -
441 1194 498 1231 Ad
537 1195 848 1231 conformandum
889 1207 928 1232 se

157 1241 244 1277 huic
279 1240 453 1286 articulo,
475 1241 702 1287 imaginetur
728 1244 840 1279 homo
863 1253 928 1278 ex-

154 1289 280 1334 empla
297 1289 444 1332 ,Christi
479 1293 517 1325 et
557 1291 783 1326 Sanctorum
819 1288 928 1336 quasi

154 1337 327 1381 quaedam
357 1335 523 1382 pretiosa
554 1336 804 1381 vestimenta,
844 1348 928 1383 quae

152 1382 382 1428 participare
403 1388 583 1429 quantum
612 1394 826 1429 possumuS,
848 1388 928 1420 stu-

155 1429 328 1474 deamus,
351 1432 455 1466 etsie
479 1434 561 1466 oret
584 1442 591 1466 z
611 1433 710 1474 Jesu,
731 1433 797 1476 qui
817 1433 928 1467 vesti-

155 1480 277 1512 menta
297 1481 362 1512 tua
387 1478 483 1513 inter
505 1479 738 1523 crucifioeores
774 1482 853 1514 tuos
873 1479 928 1514 di-

100 1541 104 1545 -
153 1524 247 1568 vidi,
270 1535 380 1570 super
403 1527 564 1561 tunicam
589 1528 709 1560 autem
737 1528 836 1561 tuam
862 1528 929 1561 in-

156 1573 369 1607 consutilem
407 1575 538 1607 sortem
559 1574 658 1607 mitti
690 1573 851 1615 voluisti,
880 1574 929 1609 da

154 1619 249 1654 mihi
267 1619 483 1655 Sanctorum
503 1622 646 1655 tuorum
665 1621 832 1665 eoeempla
849 1631 929 1656 cum

152 1666 411 1701 mandatorum
429 1667 662 1702 observantia
676 1669 924 1714 participare,

153 1715 186 1748 et
198 1715 389 1748 caritatem
400 1715 639 1759 Ecclesiaeque
650 1716 826 1750 unitatem
843 1725 931 1750 sem-

147 1771 216 1806 per
231 1761 412 1804 inteyram
432 1771 654 1796 conservare.

204 1809 246 1843 18
268 1809 529 1844 memmimus
557 1809 740 1844 Cfflzlsrmi
760 1820 797 1844 ΙΝ
819 1820 928 1845 cauce

154 1865 293 1895 QUINAM
317 1855 484 1890 smiLEs'?
503 1875 550 1882 —
567 1857 615 1891 Et
641 1857 803 1891 sedentes
822 1856 930 1902 juxta

153 1912 305 1938 erucem
337 1903 534 1938 seruabant
571 1913 636 1938 seu
673 1903 930 1939 observabant

159 1959 254 1994 eum,
269 1949 422 1994 quando
443 1948 664 1994 exspiraret,
684 1954 719 1985 et
736 1961 784 1986 ne
801 1952 930 1986 evade-

156 1999 229 2041 ret,
254 1995 311 2031 vel
333 2007 379 2032 ne
400 1995 537 2041 aliquis
558 2007 643 2032 eum
671 1998 716 2033 de
743 2007 852 2033 cruce
871 1997 928 2032 vi-

151 2053 239 2079 vum
261 2043 481 2088 deponeret.
496 2045 540 2079 Et
557 2043 610 2080 sic
625 2044 804 2080 volebant
821 2055 929 2081 suam

152 2089 415 2136 impotentiam
437 2091 654 2135 ostendere,
676 2101 718 2127 ac
745 2091 775 2127 si
802 2091 928 2138 impe-

152 2136 256 2173 ditus
276 2147 298 2172 a
325 2137 542 2174 custodibus
569 2149 644 2174 non
671 2142 794 2185 posset
816 2149 855 2175 se
871 2140 929 2185 ju-

151 2194 253 2220 vare.
289 2184 359 2221 Ubi
389 2186 632 2230 Hieronymus
654 2199 665 2221 .·
685 2200 701 2219 «
726 2185 927 2233 Diligentia

150 2230 312 2267 militnm
327 2237 364 2267 et
382 2233 621 2269 sacerdotum
636 2232 745 2269 nobis
761 2233 924 2279 proficit,

151 2281 192 2314 ut
215 2279 336 2324 major
355 2283 391 2315 et
410 2279 576 2325 apertior
593 2279 825 2327 resurgentis
851 2280 925 2316 vir-

151 2329 213 2361 tus
224 2330 427 2377 appareat.
449 2340 466 2360 »
483 2327 716 2364 Illudebatur
736 2327 873 2374 quippe
889 2327 927 2364 et

152 2372 398 2408 deridebatur
430 2372 469 2409 in
498 2384 606 2410 cruce
635 2386 657 2410 a
682 2375 866 2421 pluribus,
890 2379 926 2411 et

150 2418 310 2455 diversis
340 2419 498 2456 vicibus.
523 2421 630 2457 Unde
657 2425 745 2458 nota
767 2421 805 2457 in
826 2421 924 2458 serie

148 2465 285 2502 litterae
305 2470 468 2512 quatuor
501 2468 737 2504 differentias
763 2468 922 2505 illuden-

150 2514 245 2549 tium
266 2514 413 2550 Christo
432 2514 471 2549 in
490 2525 600 2550 cruce
623 2527 632 2550 z
652 2516 774 2561 prima
788 2521 844 2552 est
863 2527 922 2552 se-

153 2559 340 2604 dentium,
369 2560 431 2606 qui
458 2572 544 2597 eum
571 2562 841 2607 observabant;
864 2574 922 2599 se-

149 2608 274 2643 cunda
299 2608 625 2654 praetereuntium,
645 2609 706 2654 qui
729 2620 814 2646 eum
841 2610 921 2646 bla-

152 2654 429 2700 sphemabant3
450 2655 576 2700 tertia,
601 2656 780 2693 stantium
801 2667 923 2693 sacer-

156 2701 288 2738 dotum
309 2706 346 2738 et
365 2701 573 2746 seniorum,
592 2708 737 2748 quarta,
760 2704 923 2748 penden-

145 2750 239 2784 tium
261 2750 465 2785 latronum.
490 2750 561 2785 Per
575 2751 643 2786 hos
655 2750 921 2796 significantur

148 2800 309 2842 quatuor
340 2806 481 2843 genera
506 2797 718 2843 hominum,
741 2798 919 2835 virtutem

975 254 978 283 l

1010 251 1089 299 ejus
1128 249 1397 296 abnegantium
1430 260 1439 286 ι
1472 247 1511 286 in
1545 248 1777 294 sedentibus,

1009 298 1179 336 deliciosi
1196 302 1230 334 et
1247 297 1438 342 accidiosi,
1459 296 1522 343 qui
1539 296 1683 333 deliciis
1695 308 1778 334 car-

1009 347 1068 382 nis
1103 345 1328 389 intendunt;
1368 346 1405 380 in
1435 344 1776 390 praetereuntibus,

1008 393 1133 439 cupidi
1155 396 1192 428 et
1213 393 1329 436 avari,
1349 391 1412 438 qui
1433 391 1704 438 praetereuntia
1724 402 1780 427 se-

1008 444 1188 487 quuntur,
1211 443 1247 475 et
1266 438 1361 475 viam
1378 439 1534 485 justitiae
1554 440 1779 484 praetergre-

1008 492 1184 531 diuntur;
1202 487 1241 522 in
1257 485 1457 530 stantibus,
1479 484 1633 531 superbi
1651 489 1687 521 et
1706 485 1780 521 ela-

1006 535 1049 579 ti,
1082 534 1145 579 qui
1182 536 1282 570 stant
1321 544 1387 579 per
1422 532 1628 579 appetitum
1654 532 1776 568 excel-

1007 582 1156 626 lentiae3
1182 583 1219 617 in
1249 580 1512 626 pendentibus,
1534 578 1777 625 impatientes

1008 633 1045 665 et
1070 628 1262 675 querulosi
1285 628 1330 664 de
1353 626 1591 663 adversitate.
1615 625 1778 670 Quibus-

1008 677 1093 713 dam
1127 686 1216 722 ergo
1247 675 1464 711 sedentibus
1488 677 1524 710 et
1543 684 1629 709 eum
1647 673 1778 710 obser-

1007 725 1194 767 vantibus,
1219 722 1282 758 alii
1303 725 1556 768 praetereuntes
1573 720 1694 766 juxta,
1711 730 1781 766 per

1008 770 1121 815 viam,
1140 771 1211 806 hoc
1228 773 1284 805 cst
1295 769 1468 813 vulgares
1486 767 1660 804 homines
1678 777 1780 804 circa

1007 818 1130 854 locum
1153 818 1273 853 crucis
1292 819 1530 852 transeuntes
1554 817 1592 851 et
1611 825 1779 851 coneur-

1007 870 1146 910 rentes,
1166 864 1467 910 blasphemabant
1483 873 1577 906 eum,
1598 865 1780 898 moventes

1006 914 1130 957 capita
1163 922 1230 946 sua
1263 911 1303 946 in
1335 911 1484 957 signum
1517 908 1719 954 irrisionis,
1747 910 1781 944 et

1007 960 1180 999 dicentes,
1207 957 1502 1004 improperando
1526 968 1534 992 :
1560 957 1657 1001 Vah,
1679 955 1782 1002 quod

1008 1010 1065 1042 est
1093 1005 1305 1051 interJectio
1336 1003 1565 1048 insultantis,
1590 1014 1658 1040 seu
1678 1002 1781 1040 deri-

1007 1052 1132 1089 dentis
1167 1057 1204 1088 et
1230 1051 1514 1095 subsannantis,
1535 1052 1601 1097 qui
1621 1051 1783 1086 destruis

1007 1102 1179 1146 templum
1196 1102 1274 1142 Dei,
1286 1099 1382 1135 sicut
1397 1098 1534 1142 dixisti,
1553 1101 1587 1134 et
1607 1099 1647 1134 in
1657 1098 1782 1134 triduo

1006 1148 1102 1183 illud
1119 1148 1331 1192 reaedificas,
1353 1145 1490 1182 virtute
1511 1149 1592 1191 tua,
1613 1155 1697 1191 quae
1719 1155 1782 1190 ap-

1006 1198 1114 1242 paret
1137 1205 1234 1230 nunc
1254 1198 1381 1230 tamen
1402 1192 1567 1228 infirma.
1591 1194 1782 1239 Repetunt

1007 1242 1106 1278 dicta
1116 1242 1299 1278 salsorum
1315 1240 1484 1284 testium,
1497 1243 1534 1276 et
1550 1239 1606 1276 eis
1623 1249 1782 1276 eoncor-

1006 1290 1097 1325 dant
1117 1290 1180 1335 qui
1206 1288 1274 1324 sibi
1306 1287 1554 1334 imponebant
1585 1286 1688 1334 quod
1708 1287 1782 1322 hoc

1006 1336 1164 1379 dixerat,
1186 1336 1251 1371 sed
1272 1336 1344 1371 hoc
1363 1335 1500 1372 falsum
1517 1339 1611 1371 erat.

1057 1399 1098 1431 19
1123 1384 1198 1419 CL'R
1221 1384 1384 1419 Domxns
1409 1394 1454 1418 nr.
1475 1393 1583 1418 ermen
1607 1393 1680 1418 NON
1709 1392 1782 1417 DE-

1007 1442 1198 1466 scexnnmr
1212 1430 1229 1465 ἵ)
1243 1451 1287 1456 -
1298 1431 1448 1467 Salvum
1461 1431 1523 1473 fae
1537 1431 1778 1476 temetipsum,

1006 1478 1143 1514 virtute
1167 1488 1279 1523 quam
1300 1477 1345 1513 de
1366 1481 1402 1513 te
1426 1475 1639 1523 praedicasti
1660 1477 1698 1512 in
1716 1486 1780 1522 po-

1006 1528 1141 1562 testate
1162 1523 1418 1561 reaediiicandi
1431 1523 1626 1568 templum,⁷
1639 1523 1781 1559 descen-

1007 1574 1094 1609 dens
1115 1573 1158 1608 de
1175 1583 1290 1615 cruce,
1313 1571 1376 1618 qui
1400 1570 1645 1617 promittebas
1676 1576 1712 1606 te
1741 1569 1781 1606 in

1007 1619 1132 1656 triduo
1164 1619 1345 1666 templum
1364 1618 1613 1655 reaedificare.
1633 1619 1677 1653 Et
1708 1616 1779 1653 ite·

1006 1678 1090 1703 rum
1109 1667 1287 1703 dicebant
1306 1678 1314 1702 :
1332 1668 1375 1703 Si
1408 1668 1526 1702 Filius
1546 1666 1613 1701 Dei
1644 1675 1694 1707 es,
1715 1665 1779 1700 de·

1006 1715 1134 1750 scende
1151 1715 1195 1749 de
1215 1724 1330 1758 cruce,
1355 1713 1390 1750 id
1411 1716 1467 1750 est
1483 1713 1515 1749 si
1531 1715 1653 1759 potes,
1678 1722 1782 1748 amo-

1009 1772 1051 1797 ve
1070 1761 1221 1797 dolores
1253 1771 1347 1807 quos
1383 1759 1560 1797 sustines.
1582 1758 1695 1803 Quasi
1717 1758 1775 1795 di-

1007 1812 1136 1845 cerent
1156 1820 1164 1844 :
1186 1809 1267 1844 Non
1297 1811 1418 1854 potes,
1453 1818 1496 1844 ex
1530 1817 1604 1853 quo
1634 1805 1779 1842 salsitas

1006 1859 1071 1892 tua
1097 1860 1221 1902 patet;
1255 1855 1321 1891 sed
1345 1857 1499 1890 mentita
1522 1858 1575 1890 est
1597 1855 1780 1900 iniquitas

1006 1904 1092 1943 sibi,
1118 1903 1199 1949 plus
1224 1903 1323 1938 enim
1340 1901 1427 1946 fecit
1444 1902 1490 1938 de
1507 1901 1706 1948 sepulchro
1723 1911 1781 1936 re·

1007 1950 1210 1996 surgendo,
1228 1960 1341 1996 quam
1363 1950 1512 1989 fecisset
1531 1949 1577 1985 de
1592 1959 1704 1985 cruce
1717 1947 1780 1984 de-

1006 1998 1232 2034 scendendo.
1250 1997 1355 2033 Unde
1376 1997 1570 2041 Greqorius
1582 2008 1615 2032 :«
1631 1996 1668 2032 Si
1687 1999 1778 2031 tunc,

1008 2045 1054 2081 de
1082 2055 1190 2081 cruce
1217 2043 1489 2087 descendisset,
1511 2042 1688 2079 nimirum
1710 2041 1778 2078 in—

1007 2091 1232 2128 sultantibns
1241 2092 1391 2134 cedens,
1405 2093 1580 2127 virtutem
1590 2089 1701 2127 nobis
1714 2100 1776 2136 pa-

1007 2138 1150 2175 tientiae
1177 2150 1253 2175 non
1279 2139 1591 2174 demonstrasset.
1617 2137 1689 2174 Sed
1707 2147 1778 2174 ex-

1007 2186 1188 2232 spectavit
1216 2185 1420 2232 paululum,
1443 2184 1619 2221 toleravit
1637 2194 1775 2231 oppro-

1006 2233 1102 2277 bria,
1120 2233 1313 2270 irrisiones
1330 2231 1521 2277 sustinuit,
1533 2234 1697 2268 servavit
1706 2242 1776 2278 pa-

1005 2280 1190 2325 tientiam,
1221 2279 1440 2326 distulitqne
1466 2279 1775 2316 admirationem.

1004 2329 1050 2364 Et
1069 2327 1133 2374 qui
1157 2329 1202 2364 de
1229 2337 1339 2364 eruce
1373 2326 1602 2363 descendere
1638 2325 1776 2371 noluit,

1005 2375 1050 2411 de
1073 2375 1270 2421 sepulchro
1306 2373 1522 2410 resurrexit.
1546 2373 1635 2410 Plus
1660 2373 1778 2420 igitur
1805 2384 1807 2386 ·

1003 2422 1074 2458 fuit
1112 2424 1158 2458 de
1184 2421 1382 2468 sepulchro
1417 2431 1629 2467 resurgere,
1663 2430 1776 2466 quam

1004 2469 1050 2505 de
1071 2480 1180 2506 cruce
1204 2468 1454 2512 descendere;
1475 2468 1560 2514 plus
1588 2467 1658 2504 fuit
1678 2477 1776 2503 mor-

1002 2519 1078 2552 tem
1105 2516 1338 2562 resurgendo
1359 2515 1565 2560 destruere,
1585 2524 1700 2561 quam
1719 2513 1774 2550 vi-

1002 2566 1078 2599 tam
1120 2563 1384 2599 descendendo
1420 2573 1586 2612 servare.
1621 2574 1639 2596 »
1680 2560 1774 2598 Vide

1000 2611 1130 2655 etiam,
1165 2610 1371 2647 secundum
1402 2610 1707 2655 chrysostomum,
1735 2608 1775 2645 in

1000 2657 1124 2693 verbis
1152 2657 1233 2693 istis
1253 2667 1383 2694 vocem
1419 2655 1585 2693 filiorum
1615 2655 1772 2702 diaboli,

1000 2705 1188 2749 quomodo
1201 2704 1397 2741 imitantur
1409 2713 1539 2740 vocem
1557 2706 1770 2750 paternam.

999 2751 1180 2788 Diabolus
1199 2752 1349 2788 dicebat
1373 2763 1381 2787 ε
1403 2752 1446 2788 Si
1479 2752 1598 2787 Filius
1618 2751 1686 2785 Dei
1720 2760 1770 2792 es,

963 2840 966 2844 Δ
998 2800 1102 2834 mitte
1125 2803 1158 2835 te
1183 2799 1369 2843 deorsum;
1392 2802 1429 2835 et
1460 2798 1581 2835 Judaei
1609 2796 1739 2834 dicunt
1760 2808 1770 2834 z
