1924 3157
126 180 186 214 ‘280

125 259 225 295 mus,
251 251 282 286 si
307 249 609 287 misericordiam
633 248 900 293 contemplan-

125 299 182 333 tes
202 307 268 333 nos
289 297 560 334 misericordiae
575 307 728 343 operam
753 297 897 332 demus.

126 344 321 387 Quomodo
341 349 468 380 autem
488 347 534 381 ad
555 345 760 390 imaginem
779 353 900 386 suam,

126 391 291 426 attende.
319 393 417 428 Deus
450 402 599 438 semper
630 390 800 428 meminit
830 391 901 433 sui,

127 437 303 484 intelligit
332 449 385 480 se,
414 443 452 475 et
481 445 583 476 amat
602 450 651 475 se.
676 440 719 475 Et
738 442 779 474 tu
797 447 900 482 ergo,

130 484 159 520 si
177 495 242 530 pro
256 486 408 522 modulo
431 492 495 523 tuo
513 485 799 532 infatigabiliter
819 495 904 519 me-

127 542 210 568 mor
250 533 366 569 fueris
405 533 484 578 Dei,
520 533 749 569 intellexeris
774 534 902 574 Deum,

128 582 165 615 et
181 580 369 616 amaveris
391 581 522 625 Deum,
541 580 617 616 eris
633 581 680 616 ad
703 581 904 626 imaginem

128 627 223 672 eJ'us,
253 627 343 673 quia
375 629 445 664 hoc
476 628 599 664 facere
626 627 771 670 niteris,
805 625 905 670 quod

130 683 279 720 semper
296 673 385 710 facit
408 676 519 712 Deus.
540 676 595 712 Ad
616 673 904 711 memorandum

129 731 218 766 ergo
255 721 609 769 et‘intelligendum,
636 726 749 765 atque
779 729 905 756 aman-

126 769 214 804 dum
236 779 426 806 summum
462 771 617 813 bonum,
642 773 761 805 totum
794 768 905 803 debet

124 815 237 852 homo
276 818 420 853 referre
455 817 557 863 quod
591 816 693 852 vivit.
730 815 786 851 Ad
833 814 904 849 hoc

126 862 249 898 omnis
272 863 464 909 cogitatio,
484 863 607 900 omnis
633 863 806 899 voluntas
826 871 903 896 cor-

122 908 180 945 dis
203 913 483 956 retorqueatur,
502 909 904 954 a1·c‹·aiur,coni'irn1e-

122 959 198 1001 tur,
221 964 260 992 ut
280 957 503 1003 infatigabili
526 958 661 994 affectu
687 956 737 993 sis
759 966 904 991 memor

124 1004 216 1047 Dei;
242 1004 430 1051 intelligas
460 1006 592 1049 Deum,
621 1015 724 1040 ames
753 1005 869 1039 Deum
893 1013 900 1038 :

125 1054 161 1087 et
187 1053 261 1088 tuae
280 1051 482 1088 creationis
500 1051 737 1099 dignitatem.
760 1061 834 1096 qua
856 1050 904 1086 ad

126 1097 329 1144 imaginem
359 1099 425 1135 Dei
458 1104 586 1135 creata
614 1110 666 1143 es,
700 1098 904 1134 salubriter

129 1145 320 1192 exprimis.
349 1146 488 1192 thuid
519 1147 618 1183 enim
641 1150 677 1181 te
697 1147 795 1182 Deus
826 1148 902 1180 tani

127 1195 309 1239 praeclaro
331 1193 560 1230 conditionis
574 1192 773 1240 privile-„rio
792 1192 905 1227 subli-

129 1244 262 1282 maret,
294 1240 367 1277 nisi
402 1244 440 1277 te
466 1241 543 1277 suis
563 1241 736 1276 laudibus
757 1238 903 1275 inde-:i—

129 1291 263 1324 nenter
282 1287 480 1324 intendere
506 1288 643 1324 vellet?
662 1287 717 1323 Ad
738 1286 904 1323 laudan-

128 1334 217 1370 dum
239 1334 353 1381 igitur
378 1335 620 1371 Conditorem
644 1339 749 1370 tuum
777 1338 905 1370 creata

128 1391 181 1425 es,
215 1386 257 1418 ut
291 1383 372 1428 ers
395 1382 568 1418 laudibus
591 1392 745 1425 vacans,
773 1387 809 1416 et
844 1381 905 1416 hic

122 1428 279 1474 justitiae
300 1430 434 1465 merito
455 1429 491 1465 iu
513 1430 618 1465 illum
639 1439 788 1474 semper
807 1439 903 1474 pro—

125 1475 246 1521 ficias,
268 1475 361 1512 etin
394 1479 521 1513 tuturo
549 1477 659 1513 beate
678 1475 804 1518 vivas3
826 1475 905 1511 laus

127 1522 227 1559 enim
251 1524 332 1569 eJ'us
349 1528 385 1560 et
398 1524 459 1560 hic
474 1523 675 1571 justitiam,
694 1526 731 1559 et
750 1522 802 1558 ibi
815 1523 904 1559 bea-

129 1570 330 1607 titudinem
360 1570 505 1607 tribuit.
536 1571 621 1614 Sed,
643 1573 672 1606 si
700 1570 842 1611 laudas,
863 1581 906 1606 ex

129 1622 209 1654 toto
244 1618 357 1666 corde
389 1619 513 1661 lauda,
551 1617 741 1665 diligendo
777 1617 904 1653 lauda.

129 1666 216 1701 Haec
243 1664 343 1702 enim
365 1668 422 1702 est
449 1665 593 1702 Sanctis
614 1664 790 1701 laudandi
812 1674 907 1710 pro-

125 1711 250 1759 posita
283 1713 416 1759 regula
449 1724 459 1749 ε
486 1715 536 1749 De
568 1715 666 1749 omni
701 1713 805 1748 corde
843 1723 906 1747 suo

126 1760 295 1796 laudavit
329 1762 522 1796 Dominum
539 1771 548 1805 3
568 1764 600 1795 et
620 1761 754 1795 dilexit
780 1761 905 1798 Deum.

128 1809 194 1852 qui
224 1809 314 1850 fecit
333 1808 440 1843 illum
476 1807 603 1844 Lauda
628 1817 718 1853 ergo
753 1818 793 1841 ex
828 1810 906 1842 toto

125 1853 252 1900 corde,
275 1854 402 1897 lauda,
422 1857 457 1890 et
485 1864 597 1900 quem
614 1854 748 1890 laudas
766 1853 878 1899 dilige
896 1864 903 1888 :

127 1900 216 1947 quia
248 1901 297 1937 ad
331 1902 402 1937 hoe
439 1901 538 1937 facta
565 1911 618 1941 es,
648 1904 688 1936 ut
715 1901 844 1936 laudes
870 1903 907 1936 et

127 1947 276 1993 diligas.
305 1948 450 1984 Laudat
479 1958 657 1994 namque,
679 1947 744 1983 sed
766 1959 807 1982 ex
828 1952 906 1983 toto

126 1996 240 2031 corde
268 2005 344 2031 non
371 1995 513 2039 laudat,
538 2006 649 2041 quem
677 1995 723 2031 ad
750 1994 904 2030 benedi-

126 2042 287 2078 cendum
318 2043 437 2079 Deum
465 2053 647 2089 prospera
674 2042 903 2083 demulcent,

126 2089 193 2125 sed
223 2099 246 2125 a
281 2089 532 2126 benedicendi
561 2100 718 2125 munere
748 2089 906 2125 adversa

127 2135 382 2183 restringunt.
402 2137 546 2173 Laudat
562 2147 724 2183 quoque,
747 2136 813 2172 sed
830 2147 906 2172 non

126 2183 266 2230 diligit,
311 2183 376 2230 qui
414 2183 453 2220 in
491 2183 556 2220 Dei
594 2183 768 2220 laudibus
803 2184 906 2220 aliud

121 2240 235 2276 quam
262 2230 384 2278 ipsum
402 2230 592 2268 laudando
614 2230 785 2277 requirit.
807 2232 903 2267 Lau-

119 2279 167 2314 da
192 2277 322 2325 igitur,
342 2282 378 2314 et
398 2278 511 2324 digne
529 2278 656 2322 lauda,
673 2281 715 2314 ut
739 2277 840 2314 nulla
866 2277 905 2313 in

119 2327 156 2361 te
176 2335 280 2369 cura,
306 2326 410 2361 nulla
432 2325 608 2370 intentio,
628 2325 733 2361 nulla
754 2324 903 2371 engita-

119 2371 187 2416 tio,
213 2373 316 2408 nulla
335 2373 549 2409 sollicitudo
565 2372 716 2414 mentis,
732 2373 769 2408 in
787 2383 903 2418 quan-

125 2422 204 2455 tum
224 2419 292 2456 tibi
318 2419 434 2456 virtus
457 2420 634 2465 suppetit,
659 2430 682 2456 a
708 2419 816 2455 laude
840 2420 903 2455 Dei

121 2466 169 2502 sit
189 2476 319 2502 vacua.
341 2468 394 2502 Ab
418 2467 499 2513 ejus
520 2467 629 2503 laude
656 2467 807 2503 nullate
826 2467 903 2502 hu—

119 2514 225 2560 jusce
251 2513 335 2549 vitae
357 2514 585 2560 prosperitas
612 2517 775 2557 revocet,
800 2514 903 2550 nulla

124 2564 338 2606 compescat
365 2560 601 2603 advei·sitas;
636 2562 688 2596 sic
723 2572 823 2597 enim
859 2572 901 2596 ex

125 2611 205 2644 toto
242 2608 354 2643 corde
380 2607 550 2644 laudabis
577 2608 790 2644 Dominum.
830 2608 902 2644 Sed

126 2665 210 2691 cum
232 2665 275 2690 ex
292 2658 369 2690 toto
391 2655 501 2689 cordi:
523 2665 607 2690 eum
624 2655 900 2698 laudaveris,et

128 2701 289 2747 diligens
307 2701 434 2745 lauda,
453 2701 503 2736 nil
526 2702 627 2737 aliud
648 2703 694 2738 ab
723 2713 766 2738 eo
789 2713 901 2748 quam

125 2748 246 2802 ipsum
273 2753 462 2795 expetens,
483 2751 522 2784 ut
548 2750 625 2794 ipse
649 2749 696 2784 sit
715 2749 802 2785 finis
828 2750 901 2785 de-

123 2795 250 2832 Siderii
271 2796 339 2839 tui,
380 2795 461 2841 ipse
505 2795 703 2841 praemium
743 2796 897 2838 laboris,

552 179 758 216 SECUNDAE
795 175 952 212 PARTIS
990 175 1124 209 CAPUT
1163 172 1323 208 LXXXV

975 246 1056 292 ipse
1087 243 1262 280 solatium
1283 241 1396 286 hujus
1419 236 1632 291 umbratilis
1652 235 1755 278 vitae,

975 293 1055 337 ipse
1085 290 1272 338 possessio
1299 289 1402 324 illius
1430 289 1550 323 beatae
1579 289 1675 320 vitae.
1699 281 1755 318 Ad

976 341 1047 376 hoc
1064 341 1190 384 itaque
1211 338 1309 373 facta
1335 346 1387 378 es,
1410 338 1450 370 ut
1472 344 1557 370 eum
1577 333 1656 384 sine
1677 330 1755 382 fine

977 387 1191 425 collaudes:
1216 383 1315 430 quod
1349 388 1439 418 tunc
1468 380 1598 425 utique
1615 377 1754 431 intelli-

978 445 1042 480 ges
1078 431 1241 479 plenius,
1264 440 1348 466 cum
1370 430 1450 475 ejus
1469 429 1577 464 beata
1611 433 1754 476 vistone

979 480 1194 522 sublimata,
1213 478 1356 514 videbis
1376 480 1412 512 te
1437 477 1516 512 sola
1534 477 1571 510 et
1591 476 1756 524 gratuita

978 530 1145 565 bonitate
1160 526 1371 567 illius,cum
1386 534 1456 559 non
1468 531 1582 559 esses,
1600 520 1645 555 de
1663 518 1756 571 nihl-

978 576 1013 612 lo
1032 575 1079 611 ad
1095 579 1170 611 tam
1191 575 1340 610 beatam
1373 574 1409 607 et
1430 575 1506 606 tam
1524 566 1756 619 ineffabilem

979 622 1251 659 beatitudinem
1285 622 1464 657 creatam,
1487 618 1671 652 vocatam,
1688 623 1756 665 3³.-

980 670 1194 713 stificatam,
1222 671 1333 713 atque
1357 664 1621 716 glorificatam.
1655 660 1757 713 T2¹¹¹S

980 727 1141 762 namque
1174 713 1440 759 contemplatio
1481 708 1758 754 infatigabilem

979 765 1046 801 tibi
1068 774 1235 800 amorem
1258 762 1363 798 dabit
1382 769 1467 796 eum
1488 758 1567 795 sine
1581 757 1655 809 fine
1677 754 1757 790 lau-

979 811 1107 854 dandi,
1130 822 1172 847 ex
1194 821 1281 857 quo,
1295 812 1332 845 et
1350 818 1414 854 per
1433 816 1558 852 quem,
1576 808 1613 840 et
1625 811 1757 855 in'quo

979 863 1106 902 tantis,
1123 864 1159 894 et
1179 862 1255 893 tam
1273 853 1571 892 immutabilibus
1593 853 1703 887 bonis
1722 852 1758 884 te

978 906 1231 942 beatificatam
1259 904 1440 950 gaudebis
1460 912 1469 936 z
1492 915 1508 933 υ
1531 901 1610 934 baee
1630 896 1758 948 Ansel-

978 965 1071 989 mus.
1094 954 1174 988 Non
1201 952 1323 987 solum
1345 952 1470 986 autem
1493 948 1574 983 haec
1590 953 1760 996 praemis-

979 1012 1033 1045 sa,
1056 1002 1119 1036 sed
1142 999 1304 1036 maxima
1324 1007 1474 1043 quoque
1498 995 1759 1045 Redeinptoris

979 1052 1015 1084 et
1038 1047 1242 1084 Salvatoris
1258 1045 1310 1081 tui
1334 1042 1530 1084 beneficia,
1555 1041 1688 1087 quibus
1706 1040 1757 1081 te,

979 1106 1064 1131 cum
1087 1094 1236 1141 perdita
1256 1103 1372 1136 esses,
1394 1089 1553 1127 redemit
1572 1091 1609 1124 et
1629 1086 1759 1138 salva—

980 1143 1045 1186 vit,
1080 1153 1123 1178 ac
1156 1139 1359 1178 multifarie
1398 1137 1599 1182 multisque
1639 1136 1758 1169 modis

979 1189 1144 1225 visitavit
1163 1193 1201 1225 et
1218 1186 1448 1229 sublimavit,
1461 1185 1507 1221 ad
1528 1180 1758 1236 laudandum

980 1238 1098 1274 Deum
1132 1241 1168 1272 te
1191 1238 1395 1281 provocant
1429 1230 1700 1277 multipliciter,
1723 1231 1759 1280 et

980 1284 1162 1330 obligant.
1186 1285 1324 1319 Exerce
1344 1291 1434 1326 ergo
1453 1283 1489 1315 te
1510 1278 1546 1314 in
1568 1275 1681 1313 laude
1701 1274 1758 1310 di-

981 1331 1080 1376 vina,
1107 1330 1197 1377 quia
1223 1331 1267 1366 ad
1296 1331 1367 1364 hoc
1389 1327 1457 1363 tibi
1478 1325 1650 1362 membra
1672 1324 1761 1376 sunt

980 1379 1081 1419 data,
1109 1382 1150 1414 ut
1174 1380 1248 1414 Deo
1267 1376 1398 1412 laudes
1417 1384 1542 1416 cauas,
1561 1375 1598 1408 et
1619 1373 1760 1417 gratias

981 1426 1014 1462 ei
1026 1426 1180 1462 referas.
1194 1424 1298 1460 Unde
1314 1424 1588 1467 chrysostomus
1607 1431 1617 1454 ε
1633 1431 1650 1451 «
1666 1419 1760 1453 Nam

981 1479 1018 1510 et
1040 1473 1181 1515 oculos,
1200 1475 1237 1508 et
1260 1481 1315 1511 os,
1337 1474 1373 1506 et
1399 1468 1568 1505 auditum
1593 1467 1761 1517 propter-

981 1531 1026 1557 ea
1063 1520 1103 1556 in
1133 1518 1243 1555 nobis
1274 1516 1397 1564 posuit
1429 1517 1542 1556 Deus,
1567 1516 1608 1550 ut
1634 1521 1760 1548 omnia

981 1568 1051 1615 ipsi
1071 1568 1243 1603 membra
1265 1564 1450 1601 servirent
1468 1575 1476 1599 :
1498 1565 1541 1599 ut
1568 1570 1653 1613 quae
1674 1561 1761 1612 sunt

981 1615 1097 1662 ipsius
1135 1613 1346 1652 audiamus,
1393 1622 1476 1656 quae
1519 1616 1607 1645 sunt
1641 1616 1760 1653 ipsms

984 1663 1196 1709 loquamur,
1209 1672 1290 1707 quae
1301 1671 1341 1696 su
1349 1661 1388 1695 nt
1402 1658 1520 1705 ipsius
1533 1664 1733 1709 operemur
1749 1664 1757 1697 ;

983 1713 1092 1754 eique
1128 1709 1256 1744 laudes
1292 1717 1469 1743 canamus
1502 1704 1688 1744 assuluas,
1723 1704 1761 1737 et

983 1757 1124 1803 gratias
1140 1767 1207 1802 per
1227 1758 1360 1791 cuncta
1384 1754 1602 1794 reseramuS,
1620 1758 1758 1795 perque

983 1806 1062 1841 haee
1080 1803 1209 1840 omnia
1230 1800 1469 1838 conscientiae
1485 1802 1621 1835 nostrae
1642 1806 1761 1833 secre-

982 1856 1020 1888 ta
1045 1851 1266 1887 mundi-mus
1287 1861 1295 1884 :
1321 1863 1339 1881 »
1367 1850 1447 1884 haec
1471 1848 1756 1891 chrysostomus.

1032 1912 1049 1934 2
1080 1900 1279 1934 HuuiLiiins
1303 1907 1414 1932 DEBET
1440 1903 1672 1936 SEMETIPSUM,
1698 1901 1759 1931 Qui

981 1957 1072 1982 vum
1095 1947 1195 1981 Demi
1213 1955 1389 1980 LAUDARE.
1409 1962 1456 1969 —
1474 1942 1519 1977 Ut
1538 1943 1663 1976 autem
1685 1948 1759 1974 me-

981 1993 1053 2029 lius
1071 1992 1108 2029 in
1131 1992 1240 2029 laude
1260 1991 1440 2027 divinate
1460 1988 1586 2025 valeas
1607 1996 1760 2023 exerce-

981 2052 1036 2085 re,
1063 2040 1166 2087 prius
1195 2037 1352 2075 humilia
1383 2043 1420 2074 te
1452 2038 1528 2073 Deo
1562 2034 1695 2087 valde;
1722 2035 1758 2085 et

982 2088 1041 2124 dio
1065 2099 1108 2124 ex
1134 2085 1279 2123 intimis
1300 2082 1519 2132 praecordiis
1540 2085 1613 2118 tuis
1633 2081 1757 2134 humi-

980 2135 1066 2171 liter
1086 2139 1124 2171 et
1156 2134 1289 2170 devote
1317 2145 1325 2169 :
1358 2133 1385 2170 Ο
1411 2133 1522 2168 Pater
1542 2130 1757 2165 misericor-

981 2182 1142 2226 diarum,
1165 2182 1240 2218 scio
1265 2184 1301 2217 et
1324 2190 1412 2215 vere
1433 2187 1633 2228 cognosco,
1657 2174 1758 2221 quod

979 2240 1039 2265 me
1062 2233 1298 2276 peccatorem
1317 2227 1498 2263 miserum
1515 2233 1632 2271 magis
1650 2223 1757 2258 dece-

980 2281 1038 2313 ret
1070 2287 1195 2312 coram
1229 2280 1264 2311 te
1295 2276 1422 2321 jacere
1456 2274 1696 2318 prostratum,
1719 2271 1756 2305 et

980 2335 1064 2360 cum
1088 2325 1178 2359 fletu
1203 2333 1246 2359 ac
1265 2323 1405 2368 gemitu
1426 2322 1663 2368 peccatorum
1686 2327 1756 2352 ve-

979 2371 1081 2407 niam
1102 2372 1286 2417 flagitare,
1312 2379 1423 2415 quam
1445 2371 1482 2404 te
1515 2376 1579 2403 ore
1612 2364 1754 2418 polluto

978 2418 1145 2454 laudare.
1167 2418 1239 2454 Sed
1257 2421 1398 2460 tamen,
1424 2415 1470 2451 de
1496 2419 1558 2450 tua
1585 2421 1754 2464 piissima

979 2465 1200 2507 bonitate,et
1221 2464 1388 2506 ingenita
1402 2460 1615 2504 dulcedine,
1630 2469 1752 2511 omni-

978 2513 1119 2558 busque
1143 2511 1361 2548 mortalibus
1377 2509 1614 2557 promnlgata
1634 2510 1751 2559 virtu-

976 2563 1012 2595 te
1030 2559 1208 2600 confisus,
1228 2558 1386 2604 teipsum
1404 2557 1557 2593 laudare
1579 2563 1688 2606 cupio
1709 2563 1752 2588 ex

978 2606 1122 2642 intimis
1143 2605 1376 2652 praecordiis,
1400 2605 1603 2640 obsecrans
1628 2609 1751 2635 visce-

977 2665 1019 2690 ra
1040 2653 1320 2689 miserationum
1342 2657 1504 2692 tuarum,
1525 2653 1564 2686 ut
1590 2658 1648 2683 me
1669 2656 1750 2682 ver-

977 2711 1076 2736 mem
1094 2700 1481 2743 immuiidum,ranem
1496 2699 1698 2737 mortuum,
1716 2697 1754 2728 et

977 2751 1135 2784 cadaver
1155 2747 1347 2793 putridum
1366 2757 1440 2782 non
1456 2741 1750 2795 despicias-Do-

977 2794 1079 2831 mine
1101 2796 1200 2831 Deus
1230 2805 1347 2830 meus.
1385 2794 1567 2838 Namque,
1586 2789 1752 2825 sivirtu-
