1924 3157
156 149 218 182 250
573 153 783 190 SECUNDAE
821 155 981 191 PARTIS
1021 156 1159 191 CAPUT
1196 155 1369 190 LXXXII

160 229 223 256 ras
240 219 418 265 duxisset,
440 226 529 259 tunc
560 221 651 260 dixit
671 222 738 269 eis,
768 225 868 271 quod
895 226 934 262 in

161 273 324 305 montem
362 269 494 306 Oliveti
535 271 754 317 transirent,
777 276 813 308 ct
844 273 932 310 inde

163 325 246 351 eum
267 316 301 351 in
320 317 452 353 coelum
470 318 736 355 ascendentem
747 319 930 366 viderent,

159 372 245 407 quia
260 363 346 400 inde
355 367 560 402 ascendere
570 366 715 403 volebat
729 366 766 403 in
782 368 929 404 caelum.

158 410 202 462 Et
221 413 308 446 tunc
328 412 523 458 disparuit,
552 415 587 449 et
607 414 762 451 evanuit
779 415 825 451 ab
847 426 931 451 ocu-

157 455 203 492 lis
223 467 365 510 eorum.
398 462 466 496 Per
495 464 676 506 montem,
709 461 932 508 intelligitur

161 506 366 558 eminentia
378 507 582 553 Spiritusin
596 510 928 555 contemplatione3

159 561 227 597 per
249 552 366 590 olivas
393 558 531 600 autem,
559 555 795 602 pinguissimi
821 556 929 603 spiri-

157 602 216 634 tus
246 600 394 638 devotio
430 614 436 638 :
461 603 618 639 ulterius
642 614 730 640 vero
753 609 838 650 post
861 606 930 639 ista

157 656 232 682 non
265 652 380 685 restat
403 648 476 686 nisi
501 650 616 687 saltus
638 651 774 687 aniniae
796 651 834 687 in
859 662 930 687 cae-

155 692 245 731 lum.
275 697 440 742 Apostoli
479 696 593 743 igitur
627 698 810 739 undecim,
847 709 930 734 cum

157 741 273 778 Matre
302 743 450 780 Domini
478 748 588 790 atque
624 745 704 782 aliis
740 745 931 792 discipulis

154 791 190 823 ct
207 789 426 828 mulieribus
441 792 671 829 unanimiter
686 793 811 829 statim
825 803 931 829 vene-

156 840 244 888 runt
275 837 313 873 in
349 842 516 875 montem
548 839 697 884 Oliveti,
731 840 763 876 ei
790 840 931 876 ibidem

156 886 290 919 iterum
326 887 507 922 Dominus
540 887 593 922 eis
628 889 814 934 apparuit.
838 889 931 924 Ecce

155 932 343 976 quomodo
375 933 493 969 habes
513 933 627 970 hodie
656 938 747 970 duas
782 935 930 981 appari-

152 979 286 1015 tiones.
325 980 505 1026 Conspice
538 992 636 1017 nunc
670 982 766 1018 bene
799 993 863 1019 eos
895 988 931 1019 et

153 1030 286 1062 cuncta
305 1037 387 1072 quae
403 1030 507 1064 tiunt.
522 1029 727 1065 Considera
744 1029 930 1066 nihilomi-

151 1084 221 1109 nus
243 1077 392 1111 sanctos
412 1076 544 1111 Patres
567 1076 704 1113 ibidem
724 1077 927 1114 invisibili-

152 1124 210 1157 ter
240 1121 455 1167 existentes,
481 1126 667 1169 quomodo
705 1125 865 1161 libenter
894 1128 929 1161 et

151 1175 370 1205 reverenter
389 1170 586 1207 intuentur
608 1171 803 1208 Dominum
820 1178 855 1208 et
876 1174 928 1209 at'-

154 1215 318 1253 fectuose
338 1218 574 1261 benedicunt,
597 1230 665 1265 per
697 1230 810 1265 quam
843 1226 926 1257 tan-

151 1266 228 1299 tum
260 1265 423 1301 assecuti
444 1270 530 1302 sunt
563 1266 809 1311 beneficium3
833 1278 926 1313 quo-

153 1311 264 1347 modo
287 1313 399 1348 etiam
425 1313 622 1350 intuentur
655 1314 738 1351 illos
760 1316 926 1351 excelsos

154 1358 299 1404 pugiles
311 1365 346 1395 et
361 1362 470 1396 duces
487 1360 603 1397 divini
619 1362 817 1405 exercitus,
834 1374 926 1408 quos

84 1407 92 1414 '
150 1405 249 1441 inter
270 1417 402 1443 omnes
423 1408 470 1443 ad
489 1411 780 1456 expugnandum
802 1410 926 1446 etvin-

151 1453 309 1489 cendum
346 1455 560 1491 universum
585 1457 766 1493 mundum
799 1458 924 1505 elegit,

151 1503 187 1536 et
208 1504 321 1536 mittit
342 1502 534 1539 Dominus.

199 1548 218 1584 7
235 1549 400 1592 Quffisno
418 1562 527 1587 FACTA
540 1563 584 1588 nn
598 1563 853 1588 Rnsrirnnorin
868 1565 926 1589 RE-

151 1607 211 1631 Gm
232 1596 374 1633 lsRAEL.
391 1618 436 1624 —-
455 1600 557 1635 Tunc
574 1602 691 1644 iqitur
711 1600 864 1645 quidam
884 1612 925 1637 ex

149 1643 204 1678 his
216 1646 281 1689 qui
294 1650 546 1692 convenerant,
558 1648 833 1691 interrogabant
848 1659 925 1684 eum

149 1691 307 1727 dieentes
330 1703 337 1727 :
358 1695 521 1736 Domine,
543 1697 576 1730 si
603 1697 642 1730 in
672 1699 830 1741 tempore
863 1697 926 1732 hoc

149 1741 317 1774 restitues
336 1751 487 1784 reanum
506 1743 649 1777 Isi-ael?
670 1742 829 1785 Quidam
854 1742 925 1779 im-

148 1786 257 1832 periti
271 1791 306 1823 et
320 1788 520 1824 carnaliter
536 1789 739 1835 sapientes,
755 1789 925 1827 videntes

150 1833 401 1881 alienigenam
428 1846 602 1881 regnare,
623 1840 659 1872 et
684 1838 836 1873 Judaeos
857 1839 924 1875 sub

150 1883 313 1917 Praeside
341 1893 436 1926 esse,
460 1884 725 1920 desiderabant
745 1887 844 1930 quod
866 1897 924 1922 re-

149 1939 265 1975 gnum
293 1940 414 1975 ipsum
433 1930 576 1966 nationi
597 1931 765 1967 Judaicae
790 1933 924 1969 redde-

148 1980 267 2020 retur,
289 1981 323 2013 et
345 1979 565 2023 quaerebant
599 1979 645 2014 de
684 1980 924 2017 restitutione

147 2024 255 2070 regni
286 2025 400 2060 Israel
431 2026 673 2072 temporalis;
704 2030 743 2063 ut
765 2027 817 2063 sic
848 2030 923 2065 Rex

145 2070 283 2106 Judaeis
303 2072 457 2108 daretur
487 2074 554 2109 lioe
583 2078 765 2120 tempore,
791 2079 922 2120 putan-

147 2121 203 2154 tes
222 2123 308 2154 tunc
328 2132 348 2154 a
369 2119 527 2156 Domino
548 2132 705 2167 regnum
727 2123 925 2160 restituen-

145 2165 248 2211 dum,
286 2170 322 2202 et
360 2177 382 2203 a
418 2168 584 2204 dominio
624 2169 923 2213 alienigenarum

147 2213 287 2249 scilicet
313 2214 530 2257 Gentilium,
554 2216 615 2262 qui
635 2217 776 2253 Judaeis
802 2218 921 2255 domi-

147 2261 348 2303 nabantur,
378 2261 638 2308 liberandum;
666 2263 761 2301 sicut
789 2269 826 2302 et
849 2268 921 2303 duo

146 2307 317 2354 discipuli
339 2311 533 2355 putabant,
550 2311 716 2348 dicentes
739 2325 745 2349 :
766 2315 839 2350 Nos
859 2325 922 2349 au-

145 2358 213 2390 tem
232 2359 467 2401 sperabamus
485 2360 573 2403 quia
588 2361 665 2404 ipse
679 2363 768 2395 esset
788 2362 922 2398 redem-

142 2405 275 2448 pturus
296 2402 425 2440 lsrael.
447 2407 498 2440 Ac
518 2405 547 2440 si
562 2405 623 2442 isti
643 2406 919 2453 interrogantes

146 2459 245 2493 eum,
269 2450 461 2488 dicerent:
483 2453 670 2498 Numquid
688 2455 758 2490 hoc
775 2459 919 2502 tempo-

143 2506 183 2532 re
204 2499 498 2542 regnabis,sicut
515 2501 645 2545 David,
668 2507 703 2537 et
725 2503 918 2548 Salomon,

146 2546 182 2578 et
207 2544 462 2581 dominaberis
479 2547 716 2584 nationibus?
735 2549 808 2585 Alii
831 2561 919 2586 vero

145 2591 630 2637 magisinstruiti,scientes
642 2596 918 2634 restitutionem

143 2638 245 2674 illam
267 2649 343 2675 non
365 2639 434 2675 nisi
463 2642 625 2677 liualiter
645 2644 823 2688 suturam,
846 2645 918 2681 sci-

143 2684 229 2721 licet
254 2685 354 2722 circa
383 2690 553 2733 tempori
583 2690 731 2736 judicii,
772 2702 916 2738 quaere-

141 2732 233 2769 bant
247 2734 292 2769 de
312 2735 550 2771 restitutione
573 2737 679 2782 regni
703 2739 818 2775 Israel
839 2739 915 2785 spi-

139 2780 337 2826 ritualiter,
371 2781 513 2819 scilicet
552 2784 596 2819 de
630 2784 855 2822 liberatione
878 2790 915 2823 et

1009 225 1229 262 dilatatione
1251 223 1440 261 Ecclesiae.
1463 223 1514 260 Ac
1529 222 1559 259 si
1576 221 1746 259 dicerent
1769 230 1778 255 ι

1009 271 1197 318 Numquid
1237 272 1307 307 hoc
1340 275 1507 317 tempore
1539 270 1653 323 facies
1683 267 1781 315 quod

1009 320 1212 366 promisisti
1239 318 1435 355 Ecclesiae?
1457 318 1558 354 Unde
1579 321 1630 353 ait
1650 317 1778 360 Λαρα-

1007 369 1125 403 atinus
1144 379 1152 403 z
1171 379 1188 400 «
1211 368 1306 412 Ergo
1325 365 1492 412 discipuli
1511 365 1645 402 Christi
1668 364 1782 400 dedu-

1008 414 1102 450 cturi
1135 420 1289 460 aspectu
1311 423 1556 449 ascensurum
1577 411 1780 456 Christum,

1006 462 1337 507 interrogaverunt
1351 471 1452 505 eum,
1469 464 1506 496 et
1526 459 1701 496 dixerunt
1721 459 1751 493 ci
1770 468 1778 494 ε

1008 509 1178 554 Domine,
1203 508 1233 544 si
1274 510 1310 544 in
1332 509 1403 543 hoe
1425 512 1593 554 tempore
1612 515 1782 553 praesen-

1006 556 1164 600 taberis;
1189 559 1225 592 et
1260 555 1410 601 quando
1443 564 1604 600 regnum
1636 551 1782 589 Israel?

1005 604 1111 647 Quod
1132 603 1378 650 regnumne
1397 613 1471 649 quo
1491 600 1649 638 dicimus
1672 613 1679 638 z
1699 599 1779 654 ᾼά-

1005 654 1128 687 veniat
1148 662 1298 696 reanum
1326 654 1445 696 tuum3
1480 649 1525 686 de
1544 659 1617 694 quo
1636 648 1780 684 auditu-

1004 698 1037 735 ri
1061 700 1213 734 suntad
1240 698 1433 734 dexteram
1455 696 1569 744 positi
1596 707 1604 732 :
1639 696 1779 740 Venite,

1007 746 1184 782 benedicti
1200 747 1322 782 Patris
1331 747 1412 790 mei,
1426 745 1604 791 percipite
1614 753 1779 788 reynum,

1005 798 1075 830 etc.
1092 794 1165 830 Sed
1184 793 1336 840 quando
1357 793 1429 828 hoc
1449 791 1634 839 regnum?
1654 791 1780 835 Quan-

1005 841 1051 877 do
1074 851 1233 885 reguum
1254 840 1431 877 tuorum?
1449 839 1603 883 Quando
1621 847 1780 886 regnum

1005 888 1230 924 humilium?
1261 886 1446 932 Quamdiu
1479 887 1615 933 typhus
1652 895 1780 938 supe-r·

1006 936 1165 973 borum?
1186 936 1340 980 Quando
1365 938 1563 970 venturum
1588 932 1664 970 sit‘?
1684 932 1782 977 Quid

1005 983 1052 1019 ad
1064 985 1127 1019 te?
1148 983 1207 1020 Sic
1224 983 1304 1018 vive
1322 981 1428 1028 quasi
1446 982 1559 1018 hodie
1579 986 1779 1017 venturum

1003 1030 1067 1075 sit;
1094 1036 1130 1066 et
1157 1041 1231 1067 iion
1253 1030 1411 1071 timebis,
1435 1039 1519 1065 cum
1546 1027 1693 1065 venerit
1724 1039 1732 1064 :
1759 1040 1777 1062 i)

1003 1079 1083 1115 haec
1104 1080 1348 1124 Auqusti'nus.
1378 1076 1560 1113 Dominus
1578 1079 1703 1113 autem
1721 1086 1779 1112 su-

1002 1136 1070 1172 per
1090 1127 1161 1163 hoc
1179 1137 1254 1162 non
1277 1123 1498 1161 certificavit
1516 1135 1592 1170 eos,
1629 1135 1672 1160 ex
1690 1134 1779 1170 quo-

1003 1174 1089 1211 dam
1111 1178 1252 1218 tamcn,
1268 1173 1304 1209 in
1321 1171 1566 1219 responsione
1587 1173 1666 1218 ejus
1685 1169 1781 1217 posi-

1002 1224 1054 1265 to,
1086 1225 1238 1268 possent
1258 1221 1468 1266 intelligere
1498 1218 1778 1256 restitutionem

1001 1269 1103 1305 illam
1124 1269 1252 1305 multis
1268 1267 1500 1315 temporibus
1514 1266 1776 1304 differendam.

1002 1319 1107 1353 Dia-it
1141 1320 1260 1352 autem
1298 1318 1348 1352 eis
1377 1327 1384 1351 :
1415 1317 1495 1353 Non
1531 1318 1583 1350 est
1620 1317 1779 1350 vestrum

1001 1375 1104 1400 nosse
1124 1367 1298 1409 tempora,
1320 1364 1376 1399 vel
1392 1365 1583 1406 momenta,
1607 1373 1686 1408 quae
1708 1363 1778 1398 Ρα-

1002 1415 1055 1447 ter
1073 1415 1198 1458 posuit
1220 1414 1257 1447 in
1277 1422 1344 1447 sua
1358 1413 1551 1457 potestate,
1572 1409 1608 1446 id
1630 1413 1687 1446 est
1709 1419 1776 1445 nu-

1003 1469 1149 1495 merum
1181 1465 1393 1505 temporum
1421 1463 1456 1494 et
1482 1461 1778 1502 momentorum,

1003 1517 1120 1552 usque
1153 1508 1199 1543 ad
1234 1508 1347 1542 linem
1379 1506 1508 1550 seculi,
1528 1515 1610 1551 quae
1631 1509 1778 1542 tantum

1003 1557 1129 1599 patent
1162 1553 1327 1590 scientiae
1361 1552 1482 1590 Patris
1503 1553 1591 1589 mei.
1614 1553 1696 1589 Non
1719 1554 1775 1588 est

1003 1601 1139 1648 quippe
1159 1601 1369 1648 aliquorum
1383 1611 1493 1637 nosse
1513 1603 1699 1646 tempora,
1722 1599 1776 1636 ul-

1003 1652 1060 1685 tra
1080 1649 1179 1694 quod
1207 1649 1398 1686 reveletur
1420 1647 1478 1684 vel
1513 1648 1677 1684 traditur
1710 1657 1778 1695 per

1003 1696 1227 1743 Scripturas,
1251 1695 1339 1742 quia
1357 1697 1427 1732 hoc
1445 1698 1501 1732 est
1519 1696 1780 1742 praesumptio-

1002 1743 1080 1788 nis;
1104 1745 1169 1780 sed
1191 1744 1396 1780 secuudum
1419 1744 1631 1789 Scripturas
1650 1752 1776 1789 nosse,

1001 1798 1057 1828 est
1078 1791 1312 1828 eruditionis.
1336 1795 1385 1827 Ac
1402 1793 1431 1827 si
1454 1790 1616 1827 diceret:
1634 1790 1689 1827 Ad
1709 1801 1775 1827 vos

1000 1850 1073 1875 non
1096 1839 1258 1885 pertinet
1280 1838 1375 1875 scire
1395 1840 1531 1884 sutura,
1554 1848 1639 1884 quae
1660 1839 1696 1873 in
1716 1849 1775 1874 so·
1832 1848 1837 1851 ’

1000 1887 1036 1923 la
1066 1886 1132 1923 Dei
1161 1886 1405 1932 dispositione
1438 1892 1525 1922 sunt
1555 1885 1693 1931 posita3
1730 1886 1776 1922 de

1000 1944 1159 1980 quorum
1184 1944 1340 1970 numero
1357 1938 1413 1970 est
1428 1932 1534 1980 regni
1551 1932 1696 1970 Jiidaici
1720 1944 1775 1970 re-

999 1982 1157 2017 stitutio.
1198 1983 1290 2017 Nam
1334 1983 1455 2026 ipsum
1502 1980 1773 2018 restituendum

1000 2040 1075 2065 non
1109 2034 1164 2065 est
1184 2029 1398 2072 carnaliter,
1418 2028 1484 2065 sed
1515 2027 1773 2074 spiritualiter,

999 2077 1147 2122 quando
1165 2076 1263 2112 circa
1285 2077 1398 2113 tinem
1421 2076 1536 2113 seculi
1556 2075 1673 2122 Judaei
1695 2086 1775 2113 cre-

998 2125 1088 2160 dent
1107 2124 1146 2160 in
1167 2125 1367 2169 Christum,
1391 2123 1453 2170 qui
1491 2124 1560 2160 suit
1602 2125 1678 2160 Rex
1710 2134 1771 2161 eo-

999 2183 1106 2216 ruin3
1129 2176 1166 2208 et
1199 2172 1349 2217 quando
1385 2170 1559 2218 regnabit
1581 2170 1620 2207 in
1656 2170 1768 2209 domo

996 2220 1128 2263 Jacob,
1159 2230 1245 2256 vere
1266 2219 1346 2256 sine
1368 2219 1442 2256 fine
1463 2217 1577 2256 seculi
1603 2218 1642 2255 in
1662 2224 1772 2256 aeter-

998 2278 1099 2302 num.
1125 2266 1236 2310 Nihil,
1259 2266 1429 2313 inquam,
1449 2267 1497 2303 ad
1516 2276 1582 2302 vos
1603 2276 1772 2312 quaerere

997 2315 1043 2350 de
1072 2320 1224 2350 secretis
1246 2314 1516 2361 hiiJuscemodi,
1554 2324 1621 2349 nec
1660 2314 1771 2351 modo

997 2362 1044 2397 ad
1074 2372 1119 2398 ea
1145 2362 1389 2408 percipienda
1410 2361 1497 2398 estis
1524 2360 1677 2397 idonei:
1709 2362 1772 2397 sed

998 2410 1043 2445 de
1070 2410 1128 2445 his
1159 2420 1243 2455 quae
1278 2409 1325 2446 ad
1357 2421 1423 2446 vos
1449 2412 1618 2456 spectant
1650 2411 1770 2446 estote

997 2456 1160 2500 solliciti,
1184 2459 1271 2502 quia
1290 2468 1432 2500 revera,
1451 2457 1638 2502 accipietis
1657 2459 1770 2493 virtu-

996 2508 1065 2539 tem
1084 2506 1369 2549 supervenientis
1389 2506 1550 2550 Spiritus
1571 2504 1699 2540 Sancti
1729 2506 1768 2540 in

996 2562 1069 2588 υοε.
1094 2552 1197 2597 cujus
1211 2552 1349 2588 virtute
1359 2550 1545 2598 purificati
1566 2554 1602 2586 et
1619 2550 1770 2588 robora-

995 2598 1036 2643 ti,
1071 2602 1107 2634 ut
1147 2599 1297 2644 possitis
1336 2610 1419 2635 mea
1442 2599 1555 2636 verba
1576 2597 1699 2643 loqui,
1739 2603 1771 2634 et

995 2645 1206 2682 doctrinam
1246 2657 1368 2684 meam
1396 2649 1507 2691 t'erre,
1542 2646 1643 2680 eritis
1678 2647 1770 2682 mihi

994 2697 1109 2737 testes,
1159 2694 1452 2730 conversationis
1494 2698 1532 2730 et
1567 2692 1764 2739 doctrinae,

993 2744 1126 2776 mortts
1158 2744 1193 2776 et
1229 2740 1527 2777 Resurrectionis
1545 2749 1638 2775 meae
1659 2750 1666 2774 ι
1689 2743 1766 2787 pri-

991 2797 1067 2831 mo,
1107 2790 1144 2823 in
1185 2790 1411 2828 Jerusalem‚·
1449 2792 1482 2824 et
1521 2787 1684 2823 secundo
1728 2790 1766 2824 in
