1924 3157
137 166 195 201 190
581 163 792 198 SECUNDAE
830 163 988 198 PARTIS
1027 162 1165 197 CAPUT
1202 161 1323 196 LXXI

142 239 180 273 et
199 234 435 278 mulieribus,
453 233 591 280 quiain
611 233 817 273 afflictione
833 244 913 270 ma-

142 294 216 329 gna
234 282 535 324 suun-Quaerunt
562 281 761 317 Dominum
793 292 914 322 suum.

145 334 179 367 et
219 340 293 364 non
329 327 525 363 inveniunt
545 339 551 370 ;
590 331 626 363 ct
657 327 826 364 nesciunt
853 327 916 365 ubi

145 387 230 413 eum
253 374 414 421 amplius
431 385 602 422 quaerere
622 374 796 412 debeant.

198 426 235 459 15
268 424 398 458 licium
429 434 472 458 ns
493 434 730 458 Aramum-E
755 424 919 459 Ammo-

144 481 216 506 nuu
253 480 428 505 MULlssRES
460 481 750 510 ALLOQUENTIUM.
776 491 820 495 —-
845 472 918 506 Do-

145 518 265 553 lentes
297 516 410 562 igitur
439 520 475 552 et
508 518 642 553 flentcs
665 516 853 563 discipuli,
882 520 919 552 et

146 575 222 601 non
243 565 424 600 audentes
456 563 520 600 diu
539 575 693 600 manere
724 566 827 609 ⁴juxta
861 574 919 599 se-

146 611 356 658 pulchrum,
372 614 523 657 propter
537 615 677 648 metum
687 612 918 655 Judaeorum,

147 660 316 694 abierunt
336 659 466 694 iterum
487 659 536 694 ad
565 661 786 704 semctipsos
807 658 843 693 id
866 662 920 693 est

147 705 194 743 ad
215 703 380 750 hospitia
398 716 479 750 sua,
503 708 540 741 et
565 706 652 742 illuc
683 705 745 742 ubi
773 706 918 741 habita-

146 754 250 797 bant,
272 755 311 788 et
332 752 431 797 prius
453 753 667 797 latitabant,
696 756 733 788 et
756 752 853 788 unde
872 751 920 787 ad

147 803 435 837 monumentum
457 803 714 842 cucurrerant,
735 799 828 835 nihil
844 809 920 834 cer-

146 847 175 884 ti
195 845 358 883 scientes
375 847 420 883 de
445 846 593 883 Domini
606 845 917 889 Resurrectione;

147 893 274 933 Mariae
288 897 412 930 autem
429 893 570 930 ibidem
585 895 862 930 remanserunt.
874 895 921 928 Et

147 944 287 988 factum
302 945 366 985 est,
383 941 469 976 dum
484 944 600 976 mente
615 943 868 983 consternatae,
883 938 921 975 id

149 987 311 1031 est‚durn
321 988 539 1033 stupefactas
555 990 672 1022 essent
685 988 728 1022 de
739 989 809 1022 isto
821 987 921 1032 quod

146 1037 321 1074 viderant
343 1046 350 1070 :
379 1035 463 1080 quia
488 1039 525 1070 et
544 1034 706 1080 lapidem
736 1037 813 1069 tam
843 1033 921 1069 im-

151 1091 291 1122 mensae
320 1081 589 1128 magnitudinis
609 1081 820 1117 revolutum
841 1085 919 1116 stu-

148 1131 302 1180 pebant,
323 1133 360 1166 et
381 1140 515 1175 corpus
540 1132 618 1165 tam
638 1128 783 1164 eximiae
810 1138 921 1164 vene-

148 1175 306 1216 rationis
326 1188 402 1213 non
423 1176 618 1212 inventum
644 1176 838 1219 dolebant,
862 1186 920 1211 re-

152 1227 353 1274 spicientes
376 1225 412 1259 in
442 1227 729 1260 monumentum
747 1223 923 1258 viderunt

150 1276 242 1311 duos
260 1270 421 1318 Angelos
448 1272 486 1306 in
507 1270 631 1317 specie
647 1272 827 1311 virorum,
848 1280 922 1305 ecce

154 1321 253 1358 enim
273 1322 344 1356 duo
364 1319 438 1354 viri
458 1321 635 1353 steterunt
656 1328 755 1353 secus
774 1318 863 1352 illes
884 1318 923 1352 in

151 1372 247 1404 veste
265 1367 440 1412 fulqenti,
461 1365 509 1400 ad
529 1364 805 1410 designandum
828 1374 920 1409 gau-

154 1416 258 1452 dium
270 1411 473 1451 Dominicae
485 1411 923 1455 ResurrectionisAnge

153 1463 178 1499 li
188 1474 263 1499 non
272 1462 393 1499 solum
409 1459 540 1503 verbo,
555 1459 621 1494 sed
636 1458 749 1494 etiam
764 1457 922 1503 fulgenti

153 1505 924 1556 habitugloriamannuntianttriumphan-

150 1558 210 1593 tis.
233 1554 496 1604 Apparitiones
510 1555 610 1589 enim
624 1553 854 1599 Angelorum
875 1552 926 1588 sa-

150 1605 254 1641 ciunt
297 1604 345 1640 ad
383 1600 670 1638 instructionem
703 1600 925 1646 hominum;

153 1655 189 1689 et
211 1651 335 1688 solent
353 1649 537 1695 perillum
558 1648 710 1684 modum
728 1657 925 1693 apparere,

153 1698 217 1746 qui
239 1696 418 1744 competit
437 1697 505 1736 rei,
532 1696 575 1731 de
600 1705 675 1740 qua
695 1695 835 1730 debent
861 1693 926 1729 in—

153 1750 322 1783 struere:
346 1744 489 1780 candor
504 1747 632 1779 autem
654 1741 780 1782 vestis,
803 1741 924 1787 splen-

155 1794 285 1830 dorem
307 1790 505 1828 denuntiat
525 1787 778 1825 solemnitatis
794 1802 802 1832 ;
820 1791 857 1824 et
873 1788 926 1824 id-

157 1851 201 1877 eo
219 1838 345 1886 angeli
360 1837 421 1874 hic
436 1837 475 1873 in
495 1837 652 1882 fulgenti
669 1839 927 1882 apparuerunt

155 1891 273 1931 veste,
296 1886 344 1923 ad
367 1884 623 1921 denotandum
645 1883 827 1929 gaudium
850 1884 924 1918 Do-

152 1934 302 1971 minicae
324 1930 637 1969 Resurrectionis.
660 1932 926 1976 Apparuerunt

155 1985 280 2018 autem
303 1981 389 2022 duo,
412 1979 460 2015 ad
479 1976 683 2014 solemnius
705 1977 926 2013 denuntian-

159 2030 248 2065 dum
265 2026 402 2065 Christi
417 2024 745 2062 Resurrectionem
762 2036 770 2060 ε
789 2025 925 2060 solem-

158 2076 243 2112 nius
271 2074 408 2121 quippe
440 2073 684 2109 denuntiatur
714 2083 783 2118 per
816 2072 925 2116 duos,

157 2133 270 2169 quam
292 2133 358 2168 per
379 2131 509 2157 unum.
540 2119 608 2156 Ubi
633 2120 732 2155 Beda
753 2131 763 2154 .·
787 2131 804 2152 «
827 2119 925 2162 Quo-

157 2171 268 2206 modo
297 2172 438 2212 autem,
482 2167 606 2214 posito
645 2168 683 2202 in
726 2167 925 2213 sepulchro

157 2228 313 2264 corpore
351 2214 569 2259 Salvatoris,
599 2213 731 2259 Angeli
763 2213 927 2249 astitisse

157 2265 343 2311 leguntur,
366 2263 419 2299 ita
441 2262 554 2298 etiam
573 2260 808 2297 celebrandis
832 2261 926 2307 ejus-

156 2312 241 2348 dem
274 2309 517 2347 sacratissimi
535 2308 709 2354 Corporis
726 2307 926 2355 mysteriis,

155 2363 324 2404 tempore
338 2356 634 2394 consecrationis
646 2355 822 2392 assistere
841 2357 928 2391 sunt

158 2405 349 2449 credendi,
369 2407 545 2440 monente
579 2403 770 2450 Apostoto,
792 2402 927 2438 mulie-

156 2464 218 2489 res
239 2453 380 2488 habere
402 2452 575 2487 velamen
595 2457 750 2497 propter
767 2450 928 2495 Angelos

157 2500 196 2537 in
213 2499 386 2536 Ecclesia.
410 2512 427 2532 »
445 2500 530 2535 Cum
550 2502 668 2533 autem
690 2497 867 2533 mulieres
885 2507 927 2532 ex

156 2547 300 2583 visione
323 2546 551 2591 Angelorum
573 2544 740 2589 insolita,
761 2547 928 2580 timerent

159 2599 192 2630 et
209 2595 434 2630 declinarent
450 2594 589 2627 cultum
608 2594 647 2627 in
662 2596 796 2627 terram
812 2602 855 2627 ex
869 2602 926 2626 ve-

157 2640 352 2685 recundia,
368 2641 541 2675 dz'oeerunt
558 2638 617 2674 isti
633 2638 766 2685 Angeli
782 2639 830 2675 ad
840 2639 927 2674 illas

157 2687 384 2726 consolando
400 2698 463 2723 eas
484 2686 661 2732 benigne,
682 2690 719 2722 et
738 2686 927 2722 instruen-

158 2737 205 2773 do
225 2736 272 2772 de
304 2733 440 2772 Christi
473 2733 791 2770 Resurrectione:
829 2732 927 2776 Quid

156 2784 321 2830 quaeritis
341 2784 530 2827 viventem,
554 2783 588 2817 ct
620 2781 697 2827 Jam
724 2779 924 2817 resuscita-

1003 237 1096 277 tum,
1118 244 1198 269 cum
1219 232 1404 269 mortuis?
1428 231 1539 276 Quasi
1564 232 1733 270 dicerent
1755 242 1766 268 ε

1004 280 1124 316 Nolite
1150 290 1233 315 cum
1264 279 1435 324 mortuis,
1463 280 1532 315 hoc
1553 282 1609 316 est
1629 279 1666 315 in
1687 290 1768 315 mo-

1005 332 1199 370 numento,
1227 328 1286 372 qui
1308 326 1410 362 lacus
1432 327 1582 373 proprie
1597 330 1654 363 est
1673 337 1770 362 mor-

1005 383 1169 415 tuorum,
1189 384 1358 419 quaercre
1378 384 1477 417 eum,
1499 375 1559 419 qui
1585 374 1632 410 ad
1654 374 1768 410 vitam

1000 422 1078 468 jam
1114 420 1317 456 resurrexit
1339 431 1361 457 a
1383 424 1551 456 mortuis.
1574 422 1768 457 Verumta-

1006 479 1092 504 men
1110 467 1215 504 multi
1228 467 1385 503 ethodie
1399 470 1571 513 quaerunt
1582 467 1770 504 viventem

1005 526 1087 551 cum
1105 514 1276 558 mortuis,
1293 517 1330 549 ut
1345 514 1413 558 illi,
1430 514 1493 560 qui
1508 514 1595 550 licet
1610 514 1683 550 sint
1699 515 1768 550 bo-

1006 562 1057 606 ni,
1075 566 1202 598 tamen
1220 562 1382 598 libenter
1399 564 1669 598 conversantur
1685 571 1770 597 cum

1007 610 1127 650 malis,
1139 609 1274 655 quibus
1289 611 1410 655 potest
1423 608 1495 644 dici
1509 608 1599 644 illud
1614 619 1622 644 ε
1638 609 1770 646 Dimit-

1007 661 1039 692 te
1061 660 1219 692 mortuos
1245 658 1397 702 sepelire
1421 658 1579 692 mortuos
1603 665 1702 692 suos.
1728 656 1772 690 Et

1007 704 1241 749 subjungunt
1258 702 1389 749 Angeli
1408 713 1417 739 :
1435 704 1517 741 Non
1534 705 1586 738 est
1610 703 1681 746 hic,
1704 700 1773 738 sci-

1007 751 1093 786 licet
1107 750 1145 786 in
1162 750 1360 797 sepulchro
1373 749 1575 796 praesentia
1588 747 1770 796 corporis,

1007 798 1069 842 qui
1088 800 1215 833 tamen
1231 808 1416 844 nusquam
1433 797 1550 842 deest,
1568 797 1773 844 praesentia

1007 844 1178 889 deitatis3
1204 845 1268 880 sed
1297 846 1460 881 surremit
1489 844 1598 888 inde,
1633 842 1774 879 scilicet

1006 891 1160 938 propria
1184 891 1332 927 virtute.
1362 893 1406 927 Et
1431 891 1574 927 addunt
1600 890 1689 927 dicti
1716 889 1773 926 sui

1008 938 1350 979 confirmationem,
1379 938 1547 974 dicentes
1570 950 1577 973 :
1600 938 1775 974 Recorda-

1007 987 1100 1021 mz'ni
1111 987 1270 1031 qualiter
1281 987 1419 1021 locutus
1431 988 1483 1021 est
1493 985 1607 1026 vobis,
1619 984 1705 1030 quia
1715 995 1774 1020 ve-

1007 1043 1072 1069 rax
1098 1036 1165 1077 est,
1189 1036 1224 1068 et
1247 1043 1324 1068 non
1350 1032 1457 1077 fallit,
1485 1043 1564 1068 eum
1592 1033 1710 1068 adhuc
1735 1033 1775 1067 in

1008 1081 1161 1117 Galilaea
1176 1084 1277 1124 esset,
1295 1080 1416 1115 dicens
1431 1091 1438 1116 ;
1454 1080 1547 1123 Quia
1561 1083 1699 1125 oportet
1713 1080 1774 1114 Fi-

1008 1129 1097 1163 lium
1117 1129 1272 1163 hominis
1290 1128 1391 1162 tradi
1410 1128 1448 1162 in
1464 1137 1592 1174 manus
1617 1128 1776 1172 peccato-

1006 1185 1101 1219 rum,
1124 1178 1157 1210 et
1185 1176 1365 1219 crucifigi,
1388 1177 1421 1209 et
1445 1176 1554 1209 tertia
1575 1174 1634 1208 die
1652 1184 1775 1208 resur-

1007 1233 1088 1266 gere
1109 1233 1116 1257 :
1137 1221 1248 1265 Quasi
1268 1221 1435 1257 dicerent
1455 1232 1463 1256 :
1490 1221 1559 1257 Diu
1578 1223 1665 1256 ante
1678 1231 1775 1266 prae-

1008 1268 1098 1305 dixit
1122 1269 1202 1304 haec
1222 1269 1362 1312 omnia,
1385 1273 1422 1304 et
1450 1268 1534 1304 ideo
1559 1278 1635 1304 non
1662 1267 1774 1304 mire-

1009 1315 1116 1359 mini,
1156 1315 1187 1351 si
1223 1316 1335 1351 modo
1375 1314 1513 1351 auditis
1546 1325 1627 1351 esse
1663 1315 1772 1350 facta.

1008 1365 1027 1400 J
1032 1364 1192 1399 ubentur
1208 1363 1409 1398 verborum
1420 1362 1669 1406 recordari‚ut
1678 1372 1776 1408 prae-

1011 1409 1198 1446 dicatione
1221 1413 1375 1445 eventus
1407 1408 1524 1445 futuri
1543 1410 1777 1445 confirmen-

1010 1462 1071 1493 tur
1090 1456 1128 1492 in
1151 1457 1226 1492 fide
1242 1457 1322 1502 jam
1344 1456 1445 1492 facti.
1471 1455 1654 1500 Quoniam
1673 1466 1777 1500 vero,

1011 1509 1052 1540 ut
1073 1504 1211 1540 dictum
1235 1507 1304 1548 est,
1326 1503 1517 1548 mulieres,
1537 1502 1628 1539 visis
1647 1503 1778 1549 Ange-

1012 1551 1071 1593 lis,
1087 1550 1263 1587 timentes
1277 1550 1561 1586 declinaverunt
1578 1550 1723 1586 vultum
1740 1549 1779 1585 in

1011 1603 1167 1643 terram,
1186 1597 1353 1644 mystice,
1375 1608 1459 1634 cum
1476 1596 1689 1634 coelestibus
1704 1607 1779 1644 my-

1012 1645 1134 1682 steriis
1147 1645 1507 1694 appropinquamus,
1517 1644 1685 1690 exemplo
1704 1655 1781 1681 mu-

1012 1693 1148 1729 licrum
1169 1693 1306 1728 harum
1326 1692 1470 1729 vultum
1489 1692 1528 1728 in
1544 1695 1686 1728 terram
1708 1692 1780 1728 de-

1012 1740 1154 1776 clinare
1174 1740 1369 1783 debemus,
1391 1750 1461 1775 nos
1480 1743 1621 1775 terram
1647 1742 1684 1775 et
1699 1739 1780 1784 pul-

1011 1797 1139 1823 verem
1160 1797 1242 1823 esse
1268 1787 1492 1822 recolentes.
1521 1786 1628 1823 Unde
1652 1787 1778 1822 Beda:

1017 1850 1029 1865 «
1063 1836 1106 1870 Et
1125 1845 1194 1870 nos
1236 1844 1326 1879 ergo
1363 1834 1532 1880 exemplo
1559 1834 1780 1870 devotarum

1012 1883 1088 1918 Deo
1118 1881 1359 1925 feminarum,
1397 1880 1545 1927 quoties
1583 1880 1781 1917 ecclesiam

1012 1929 1212 1972 intramus,
1229 1932 1265 1964 et
1279 1928 1465 1974 mysteriis
1485 1927 1701 1964 coelestibus
1720 1938 1782 1973 ap-

1011 1976 1308 2022 propinquamus
1331 1987 1338 2011 :
1360 1976 1437 2011 sive
1460 1978 1613 2022 propter
1631 1975 1781 2021 angeli-

1013 2034 1064 2059 cae
1086 2022 1327 2070 praesentiam
1347 2022 1509 2063 virtutis,
1531 2022 1608 2058 sive
1630 2027 1782 2068 propter

1012 2070 1262 2107 reverentiam
1296 2081 1412 2106 sacrae
1451 2068 1668 2114 oblationis,
1697 2079 1781 2105 cum

1012 2117 1115 2153 omni
1150 2117 1378 2162 humilitate,
1407 2120 1444 2153 et
1468 2116 1604 2153 timore
1633 2116 1780 2162 ingredi

1013 2165 1205 2201 debemus.
1222 2165 1278 2201 Ad
1293 2167 1536 2211 conspectum
1552 2165 1689 2210 quippe
1702 2164 1780 2200 An-

1012 2213 1182 2259 gelorum
1192 2212 1331 2248 vultum
1341 2211 1779 2256 declinamusinterram,

1013 2270 1097 2296 cum
1109 2269 1357 2305 supernorum
1369 2259 1506 2295 civium
1515 2269 1596 2305 quae
1608 2257 1681 2294 sint
1695 2268 1782 2304 gau-

1013 2307 1074 2343 dia
1095 2311 1237 2343 aeterna
1252 2306 1563 2352 contemplantes,
1586 2316 1653 2342 nos
1674 2306 1781 2341 cine—

1012 2365 1092 2390 rem
1113 2365 1208 2398 esse,
1229 2357 1444 2400 terramque
1461 2353 1674 2395 recolimus,
1687 2352 1783 2388 sicut

1014 2402 1144 2437 beatus
1159 2402 1349 2437 Abrabam
1373 2412 1380 2436 ε
1402 2403 1561 2446 Loquar,
1577 2399 1714 2445 inquit,
1733 2399 1782 2435 ad

1011 2450 1204 2484 Dominum
1220 2459 1349 2490 meum,
1363 2459 1442 2483 cum
1457 2450 1527 2483 sim
1542 2448 1666 2493 pulvis
1681 2451 1714 2482 et
1728 2448 1778 2482 ci-

1013 2498 1081 2530 nis.
1107 2497 1150 2531 Et
1177 2498 1231 2531 est
1258 2495 1477 2535 notandum,
1511 2494 1613 2540 quod
1642 2498 1780 2530 sanctae

1013 2542 1203 2586 mullercs,
1219 2542 1426 2578 astantibus
1447 2541 1516 2578 sibi
1532 2541 1781 2587 Angelis,non

1012 2589 1051 2625 in
1074 2593 1215 2625 terram
1242 2591 1437 2633 cecidisse,
1457 2589 1522 2625 sed
1555 2588 1698 2624 vultum
1722 2587 1781 2622 di-

1013 2641 1148 2673 cuntur
1170 2638 1206 2671 in
1242 2639 1383 2672 terram
1419 2636 1641 2672 declinasse.
1677 2635 1783 2671 Unde

1013 2694 1093 2720 mos
1135 2683 1299 2720 obtinuit
1332 2682 1624 2727 ecclesiasticus,
1663 2686 1706 2718 ut
1744 2680 1784 2718 in

1012 2730 1235 2767 memoriam
1254 2730 1460 2767 Dominicae
1480 2730 1539 2767 vel
1569 2730 1608 2765 in
1643 2732 1783 2766 nostrae

1012 2788 1115 2825 spem
1138 2776 1440 2824 resurrectionis,
1461 2780 1498 2814 et
1517 2774 1690 2814 omnibus
1707 2775 1783 2813 die-
