1924 3157
308 166 360 202 1)ss
397 167 625 203 CONCURSU
665 166 822 203 DlSCIP.
863 165 914 201 ET
951 165 1184 203 MULIBRUM
1223 166 1278 201 An
1315 164 1622 201 SEPULCHRUM.
1724 165 1783 199 15³

145 236 204 270 ter
224 235 535 275 noctistenebras
554 240 590 275 et
608 238 682 275 diei
695 237 920 283 claritatem,

144 282 245 328 quod
272 293 410 321 aurora
437 285 620 332 appellari
644 286 764 330 solet;
794 288 830 322 et
861 295 921 321 se-

144 330 308 368 cundum
331 333 515 376 Marcum,
535 337 724 378 venerunt,
747 337 824 369 orto
837 333 920 378 jam

142 378 229 414 sole.
254 380 297 415 Et
318 380 439 427 potuit
457 391 539 418 esse
555 381 603 418 ad
617 381 798 425 litteram,
818 380 920 426 quod

141 425 250 461 valde
272 437 390 473 mane,
416 439 495 465 cum
528 430 648 465 adhuc
685 429 838 465 tenebrae
857 438 920 463 es-

141 477 234 517 sent,
252 474 383 512 venire
398 477 776 523 coeperunt,dilucul0
791 479 918 512 autem

141 526 343 564 venerunt,
371 524 437 560 sed
461 528 538 560 orto
557 524 638 569 jam
658 524 744 569 sole,
773 523 820 559 ad
841 532 919 558 mo-

142 573 364 606 numentum
374 576 637 618 pervenerunt.
650 572 694 607 Et
703 574 802 616 nota,
814 570 916 616 quod

142 625 215 652 non
237 616 317 654 sine
339 618 518 701 mfsterio
538 617 785 664 Evangelistae
798 617 851 654 sic
862 617 915 653 di-

141 662 351 701 versimode
393 670 586 712 oquuntur
605 666 652 702 de
683 664 756 702 isto
788 675 913 708 mane,

142 709 208 763 sed
229 721 360 749 omnes
383 713 614 750 concordant
649 712 688 749 in
716 713 786 749 hoc
813 712 913 759 quod

141 757 210 810 suit
231 769 354 796 mane.
378 761 469 797 Nam
489 764 530 797 ut
551 763 654 807 patet
677 771 719 796 ex
740 760 912 807 praemis-

141 807 328 859 Sis,·istud
363 807 605 854 Evangelium
626 809 794 854 mystice,
816 817 912 854 pro-

140 853 238 889 cedit
250 856 455 891 secundum
468 861 544 892 tres
559 858 674 892 status
689 855 910 900 electorum,

141 909 208 954 per
223 906 299 938 tres
322 903 410 939 istas
430 903 565 940 Marias
583 903 813 949 significatos
832 914 840 938 z
862 906 913 939 et·

138 957 238 984 enim
260 950 360 995 quod
379 951 545 987 Joannes
566 951 669 995 dicit,
691 961 770 987 cum
791 951 911 986 adhuc

139 996 291 1049 tenebrae
303 1002 433 1042 essent,
452 998 606 1044 respicit
620 1002 760 1034 statum
777 997 909 1043 incipi-

137 1046 299 1087 entium;
322 1045 422 1090 quod
440 1056 528 1081 vero
550 1046 667 1082 Lucas
687 1045 790 1087 dicit,
813 1046 910 1081 dilu-

135 1091 228 1132 culo,
263 1091 411 1138 respicit
442 1096 579 1129 statum
607 1092 905 1139 proficientium,

135 1137 200 1174 sed
219 1138 320 1184 quod
336 1139 435 1175 decit
453 1141 612 1184 Marcus,
630 1144 706 1176 orto
722 1141 802 1185 J'am
819 1141 907 1184 sole,

133 1185 287 1232 respicit
306 1189 447 1223 statum
470 1187 734 1234 perfectorum,
762 1187 907 1224 Debent

134 1241 224 1285 ergo
239 1233 372 1270 fideles
384 1238 595 1280 quaerentes
607 1234 814 1279 Christum,
828 1234 908 1280 qui-

133 1279 226 1317 libet
239 1291 308 1328 pro
326 1285 425 1319 statu
438 1292 504 1319 suo
520 1293 630 1319 mane
647 1282 791 1326 venire,
805 1282 906 1328 quod

133 1332 190 1364 est
207 1332 340 1366 contra
353 1327 494 1376 pigros.
514 1331 660 1367 Debent
674 1331 790 1366 etiam
804 1329 906 1366 veni-

132 1384 174 1412 re
198 1386 273 1413 una
293 1378 550 1422 sabbatorum,
577 1388 646 1424 per
670 1378 770 1424 quod
797 1377 907 1423 quies

133 1425 170 1458 et
186 1433 256 1476 pax
276 1424 400 1461 cordis
421 1425 659 1472 significatur
677 1437 686 1461 ε
704 1425 906 1462 sabbatum

133 1474 275 1507 etenim
296 1474 398 1517 quies
419 1472 704 1520 interpretatur,
727 1473 826 1519 quod
847 1476 906 1509 est

132 1521 266 1571 contra
284 1519 448 1556 discolos
472 1525 508 1556 et
528 1520 735 1557 discordes.
761 1521 906 1556 Debent

131 1570 244 1602 etiam
267 1566 396 1604 venire
414 1568 461 1604 ad
482 1572 783 1612 monumentum,
802 1573 838 1604 et
853 1567 903 1604 ibi

132 1622 303 1659 quaerere
320 1615 534 1652 Dominum.
553 1618 834 1652 Monumentum
848 1618 905 1651 est

131 1669 237 1697 mens
247 1661 426 1708 humana,
444 1667 626 1709 quantum
635 1664 683 1700 ad
698 1662 905 1710 quemlibet

130 1711 285 1747 statum.
308 1710 401 1746 Nam
423 1721 488 1747 cor
513 1710 780 1757 poenitentium
810 1710 902 1747 dici-

127 1758 189 1792 tur
203 1761 504 1803 monumentum,
524 1760 671 1795 ratione
690 1758 822 1804 luctus,
840 1757 903 1804 qui

127 1802 227 1857 eirca
248 1811 493 1842 monumenta
514 1805 596 1842 fieri
618 1807 733 1850 solet3
760 1809 796 1842 et
821 1817 901 1852 pee-

125 1851 326 1888 mtentium
347 1857 404 1890 est
436 1853 579 1900 lugere,
602 1857 637 1890 et
668 1854 761 1890 flere
791 1864 904 1900 super

125 1898 280 1952 seipsos.
306 1900 588 1938 Proficientium
611 1905 737 1938 autem
759 1911 824 1938 cor
845 1901 901 1937 di-

124 1948 822 1995 c1turm0numentum,rati‹·neoperis
834 1948 900 1985 mi-

125 1994 344 2032 sericordiae
365 1996 468 2042 quod
487 1996 526 2032 in
550 1997 768 2044 sepeliendo
791 2007 900 2032 mor-

123 2044 209 2078 tuos
233 2048 446 2088 exercetur;
473 2047 509 2080 et
529 2045 736 2080 activorum
758 2047 814 2080 est
834 2044 899 2080 in—

125 2089 259 2126 sistere
283 2091 461 2137 operibus
484 2091 770 2128 misericordiae.
794 2092 898 2128 Con-

123 2137 428 2184 templativorum
455 2149 544 2175 vero
568 2149 633 2175 cor
667 2149 898 2176 monumen-

124 2187 203 2220 tum
232 2184 385 2230 dicitur,
415 2186 562 2223 ratione
585 2185 735 2233 quietis,
764 2187 898 2223 dicun·

123 2235 187 2268 tur
212 2232 314 2269 enim
340 2243 500 2280 corpora
521 2234 718 2280 quiescere
740 2233 782 2270 in
816 2245 897 2271 mo-

122 2281 331 2326 numentis;
354 2286 391 2318 et
418 2281 527 2327 quies
553 2281 714 2319 maxime
734 2282 781 2318 ad
807 2292 897 2319 con-

121 2327 359 2374 templativos
397 2329 566 2366 noscitur
610 2333 812 2377 pertinere.
856 2332 898 2366 In

125 2375 191 2411 tali
218 2385 309 2421 ergo
351 2381 610 2422 monumento,
635 2387 703 2424 pro
731 2377 899 2424 quolibet

125 2427 238 2476 statu,
251 2425 353 2459 recte
368 2424 738 2470 quaeriturchristuS.
753 2425 897 2462 Debent

126 2474 240 2507 etlam
276 2471 468 2507 obstacula
493 2471 738 2518 impedientia
772 2483 898 2509 remo-

124 2528 227 2562 vere,
246 2528 331 2564 quae
352 2518 614 2565 intelliguntur
646 2530 714 2567 per
734 2519 898 2567 lapidem

124 2575 320 2612 magnum,
342 2566 390 2602 ad
413 2567 550 2603 ostium
577 2567 809 2604 monumenti
830 2568 896 2604 ad-

122 2613 308 2658 volutum,
336 2617 374 2650 et
399 2624 467 2660 per
487 2615 684 2661 Angelum.
708 2619 748 2651 ut
769 2615 897 2652 statim

124 2661 221 2697 infra
237 2661 394 2708 patebit,
409 2662 632 2698 revolutum.
651 2664 742 2699 Nam
755 2663 792 2699 in
807 2674 897 2709 quo-

123 2707 214 2745 libet
233 2712 331 2745 statu
360 2712 415 2745 cst
437 2708 575 2755 aliquis
606 2709 698 2755 lapis
728 2711 896 2754 obstans,

123 2765 171 2808 ne
192 2757 275 2803 quis
293 2758 412 2803 possit
431 2756 575 2793 intrare
597 2756 635 2794 in
652 2757 897 2794 intimamen-

122 2805 184 2847 tis,
222 2807 257 2839 et
285 2814 481 2840 excercere
532 2808 636 2841 actus
673 2815 740 2842 suo
782 2807 894 2843 statui

997 239 1271 282 competentes.
1294 236 1406 283 Lapis
1423 236 1580 273 obstans
1593 234 1777 282 poeniten-

996 284 1108 327 tibus,
1133 288 1189 319 est
1214 286 1385 330 pronitas
1414 283 1461 320 ad
1492 283 1632 319 malum
1652 297 1662 327 3
1682 281 1777 328 lapis

995 332 1149 369 obstans
1170 331 1475 377 proficientibus,
1496 335 1554 367 est
1573 329 1778 366 difficultas

993 379 1040 415 ad
1060 380 1221 421 bonum;
1241 380 1305 414 sed
1324 378 1420 424 lapis
1435 379 1591 415 obstans
1610 381 1781 414 contem-

993 425 1159 473 plativis,
1183 430 1239 461 est
1267 425 1517 462 materialitas
1548 425 1776 472 specierum.

993 474 1066 510 Sed
1087 473 1157 510 iste
1178 471 1274 519 lapis
1295 482 1362 518 pro
1382 473 1552 518 quolibet
1571 472 1779 519 statu,ple·

992 531 1156 568 rumque
1177 523 1397 556 removetur
1417 521 1464 555 ad
1487 520 1609 556 solum
1628 519 1777 557 deside-

991 568 1089 605 rium
1104 570 1243 605 animae
1261 566 1335 614 piae
1354 567 1577 613 quaerentis,
1603 577 1671 613 per
1689 577 1778 614 gra-

990 616 1081 653 tiam
1103 616 1265 662 Spiritus
1287 614 1429 651 Sancti.
1452 614 1553 650 Felix
1584 614 1718 660 Maria,
1731 613 1772 651 id

989 668 1048 700 est
1066 664 1206 707 anima,
1230 672 1314 708 quae
1331 662 1378 699 ad
1401 662 1644 709 sepulchrum
1663 660 1771 699 Chri-

988 711 1034 747 sti
1061 713 1165 748 venit
1191 709 1336 754 videre,
1360 718 1428 755 per
1467 709 1768 754 meditationem,

987 758 1168 805 plangere
1183 768 1251 804 per
1262 756 1580 805 compassionem,
1595 767 1640 793 ac
1652 767 1769 804 unge-

987 816 1028 843 re
1042 816 1112 853 per
1128 804 1389 842 devotionern!
1413 803 1609 840 Imitemur
1624 813 1715 849 ergo
1731 807 1770 840 et

986 864 1055 891 nos
1078 853 1230 891 easdem
1256 855 1407 889 sanctas
1430 856 1468 888 et
1499 851 1764 888 devotissimas

986 901 1178 946 mulieres,
1206 902 1246 938 ut
1265 900 1361 937 sicut
1383 899 1456 936 illae
1478 909 1563 935 cum
1581 897 1762 936 aromati·

987 949 1055 986 bus
1077 948 1279 986 Dominum
1300 951 1380 984 toto
1404 946 1533 990 corde,
1555 956 1600 983 ac
1620 945 1766 983 deside-

985 995 1041 1032 rio
1063 996 1284 1043 quaerebant
1297 995 1333 1031 in
1350 994 1570 1041 sepulchre,
1587 993 1688 1040 quod
1708 997 1766 1030 est

984 1044 1160 1090 proprius
1181 1047 1418 1079 mortuorum
1435 1043 1554 1086 locus,
1572 1040 1626 1077 ita
1643 1046 1682 1077 et
1697 1051 1767 1078 nos

985 1101 1069 1127 cum
1091 1091 1231 1127 nostris
1246 1089 1497 1133 aromatibus,
1520 1087 1666 1125 scilicet
1685 1099 1693 1124 ε
1716 1099 1766 1125 o—

983 1138 1182 1185 peratione
1206 1139 1395 1175 bonorum
1422 1145 1596 1181 operum,
1615 1140 1653 1172 et
1672 1135 1765 1172 odo-

984 1196 1025 1221 re
1046 1185 1244 1230 virtutum,
1259 1185 1519 1229 suavitateque
1531 1182 1766 1228 orationum,

982 1236 1061 1269 toto
1095 1234 1233 1270 affectu
1272 1231 1413 1268 mentis
1448 1231 1496 1266 ad
1532 1231 1667 1275 Deum,
1696 1241 1766 1277 per

982 1287 1113 1317 sancta
1150 1279 1342 1317 desideria
1380 1278 1685 1326 proficiscamur,
1725 1282 1763 1315 et

981 1338 1194 1374 quaeramus
1209 1338 1296 1365 eum
1312 1338 1388 1363 non
1404 1327 1443 1363 in
1458 1326 1677 1373 sepulchro,
1695 1326 1762 1362 sed

980 1376 1020 1412 in
1041 1377 1150 1421 coelo,
1170 1386 1244 1422 quo
1261 1375 1387 1421 ipsum
1405 1372 1624 1411 ascendisse
1637 1372 1759 1410 credi-

983 1434 1080 1469 mus,
1096 1428 1209 1470 atque
1224 1421 1413 1459 novimus.
1433 1421 1539 1459 Unde
1554 1420 1607 1457 ait
1621 1421 1757 1466 Greqo—

980 1473 1060 1507 rius
1079 1484 1090 1507 .·
1106 1486 1124 1505 «
1147 1473 1294 1508 Sanctae
1315 1469 1510 1513 mulieres,
1529 1479 1614 1515 quae
1631 1469 1756 1505 Domi-

979 1529 1070 1555 num
1091 1519 1242 1556 fuerant
1267 1521 1421 1561 secutae,
1459 1526 1544 1554 cum
1568 1515 1757 1553 aromati-

979 1567 1049 1603 bus
1082 1567 1131 1603 ad
1157 1569 1446 1602 monumentum
1482 1566 1682 1608 venerunt,
1719 1567 1757 1601 et

980 1613 1013 1649 ei
1039 1625 1150 1661 quem
1171 1616 1360 1649 viventem
1390 1611 1615 1656 dilexerant,
1642 1610 1756 1647 etiam

980 1667 1129 1698 mortuo
1142 1661 1268 1698 studia
1287 1659 1533 1697 humanitatis
1547 1659 1760 1705 obsequun-

979 1713 1053 1745 tur.
1074 1711 1119 1746 Et
1137 1720 1207 1746 nos
1228 1719 1319 1754 ergo
1341 1709 1379 1744 in
1399 1718 1487 1744 eum
1504 1706 1567 1754 qui
1586 1709 1642 1742 est
1658 1717 1758 1742 mor-

980 1759 1066 1793 tuus
1093 1757 1304 1800 credentes,
1326 1755 1355 1791 si
1370 1755 1488 1791 odore
1504 1754 1688 1790 virtutum
1703 1764 1760 1790 re·

978 1804 1079 1848 secti,
1102 1815 1185 1841 cum
1214 1802 1437 1850 operatione
1458 1804 1646 1839 bonorum
1668 1812 1757 1847 ope—

976 1863 1060 1888 rum
1082 1852 1285 1888 Dominum
1304 1850 1526 1896 quaerimus,
1549 1849 1597 1886 ad
1620 1859 1757 1885 monu-

978 1904 1149 1936 mentum
1171 1900 1340 1946 prosecto
1362 1897 1466 1934 illius
1487 1907 1573 1934 cum
1603 1906 1755 1933 aroma-

975 1947 1074 1984 tibus
1100 1947 1274 1983 venimus
1297 1958 1305 1983 :
1327 1960 1346 1979 »
1369 1946 1451 1982 haee
1471 1945 1682 1990 Greyorius.
1707 1964 1753 1970 -

974 1995 1143 2042 mystice,
1185 1997 1476 2031 monumentum
1519 1996 1575 2029 est
1608 1992 1754 2038 Corpus

972 2042 1227 2086 Dominicum‚
1247 2042 1294 2078 ad
1309 2041 1411 2088 quod
1436 2040 1618 2077 accedere
1638 2049 1750 2076 nemo

973 2091 1099 2134 debet,
1116 2089 1189 2126 nisi
1208 2100 1283 2126 una
1296 2088 1459 2133 sabbati,
1473 2087 1513 2124 id
1534 2085 1641 2124 estin
1659 2097 1751 2134 pace

972 2143 1009 2174 et
1036 2138 1161 2184 quiete
1184 2140 1350 2184 pectoris
1370 2147 1378 2181 ;
1399 2139 1455 2172 «εἰ
1483 2134 1593 2172 valde
1622 2144 1749 2188 mane,

971 2185 1010 2222 id
1037 2189 1094 2222 est
1126 2195 1211 2222 cum
1239 2184 1402 2228 fervore,
1431 2193 1542 2220 mane
1569 2181 1672 2219 enim
1698 2192 1748 2218 51-

972 2233 1131 2279 gnificat
1162 2233 1350 2269 fervorem
1371 2230 1586 2278 quaerendi;
1614 2228 1674 2266 vel
1695 2228 1748 2266 di—

971 2282 1113 2326 luculo,
1139 2280 1178 2317 id
1206 2284 1274 2323 est,
1301 2277 1467 2316 excussis
1492 2277 1673 2330 vitiorum
1692 2279 1752 2313 te-

973 2328 1117 2373 nebris,
1151 2338 1218 2374 per
1241 2327 1537 2364 dilucescentem
1560 2330 1752 2372 gratiam3

972 2381 1010 2413 et
1028 2380 1182 2422 portans
1203 2378 1378 2411 aromata
1394 2371 1626 2421 operationis
1645 2377 1682 2409 et
1703 2371 1756 2408 sa-

972 2435 1043 2460 mae
1061 2425 1185 2461 bonae.
1206 2422 1275 2467 Qui
1301 2421 1412 2458 aliter
1431 2420 1592 2465 accedit,
1618 2423 1753 2456 caveat

972 2473 1043 2508 sibi
1064 2482 1109 2507 nc
1131 2470 1317 2517 Judicium
1338 2469 1546 2506 manducet
1567 2471 1604 2505 et
1627 2467 1750 2504 bibat.

973 2519 1077 2556 Unde
1095 2519 1220 2555 Beda:
1241 2532 1260 2552 ι(
1275 2517 1384 2562 Quod
1395 2520 1523 2553 autem
1544 2514 1654 2552 valde
1675 2525 1753 2551 ma-

972 2577 1019 2603 ne
1040 2569 1226 2603 venerunt
1246 2565 1428 2602 mulieres
1451 2564 1499 2601 ad
1520 2573 1749 2600 monumen·

972 2619 1051 2650 tum
1082 2629 1089 2651 ε
1115 2615 1221 2660 juxta
1247 2612 1448 2650 historiam
1475 2611 1644 2657 quidem,
1669 2620 1749 2647 ma-

972 2673 1069 2708 gnus
1089 2662 1283 2707 quaerendi
1304 2665 1341 2697 et
1367 2658 1589 2697 inveniendi
1616 2658 1752 2695 Domi-

973 2720 1061 2746 num
1074 2707 1378 2746 l'ervorcaritatis
1390 2706 1606 2744 ostenditur
1622 2717 1631 2750 ;
1646 2707 1753 2752 juxta

975 2757 1204 2793 intellectum
1223 2767 1311 2793 vero
1331 2755 1542 2802 mysticum,
1556 2753 1668 2790 datur
1686 2762 1753 2787 no-

974 2804 1029 2841 bis
1053 2804 1278 2851 exemplum,
1304 2802 1519 2840 illuminata
1557 2800 1666 2842 facie,
1689 2798 1752 2834 de-
