1924 3157
447 144 692 180 CONGLUSIO
728 144 856 181 LIBRI
891 145 944 180 ET
981 125 1192 180 steN‘A'rto
1230 146 1352 180 EJUS.

175 207 284 259 Jesu,
307 209 702 259 summabenignItaS,

134 253 230 289 Mira
249 254 373 290 cordis
391 256 622 302 jucunditas,

135 301 450 348 Incomprebensa
467 303 630 350 bonitas,

133 348 210 384 Tua
228 358 288 385 me
304 349 455 397 stringit
480 351 630 389 caritas.

177 420 324 457 Bonum
343 422 435 458 mihi
455 423 613 470 diligere

128 466 273 513 Jesum,
291 468 342 504 nil
359 469 458 506 ultra
481 481 674 518 quaerere;

130 513 219 550 Mihi
241 525 398 562 prorsus
423 517 601 564 delicere,

130 562 176 598 Ut
192 561 247 599 illi
265 573 403 609 queam
424 565 561 603 vivere.

173 631 202 668 Ο
222 634 313 670 Jesu
333 633 382 670 mi
401 633 631 682 dulcissime,

125 679 217 725 Spes
231 680 454 727 suspirantis
467 683 621 729 animoe,

123 728 173 764 Te
193 734 368 775 quaerunt
384 728 454 775 pize
475 730 666 778 lacrymae,

121 775 172 812 Te
195 775 336 813 clamor
353 777 491 815 mentis
510 778 666 818 intimae.

167 846 411 894 Quocumque
437 848 516 884 loeo
535 848 656 895 fuero,

121 894 244 931 Meum
263 895 390 932 Jesum
410 895 599 934 desidero.

119 941 238 986 Quam
258 941 380 989 laetus,
404 954 490 980 eum
510 943 710 982 invenero!

119 989 238 1034 Quam
258 990 358 1041 felix,
381 1001 466 1028 eum
486 993 669 1029 tenuero!

163 1063 266 1099 Tune
291 1062 498 1109 amplexus,
520 1066 609 1101 tunc
636 1065 779 1110 oscula,

115 1109 204 1152 Quae
225 1109 381 1146 vincunt
399 1111 522 1148 mellis
549 1112 698 1159 pocula,

115 1157 216 1194 Tune
234 1157 321 1194 felix
343 1158 480 1195 Christi
503 1160 661 1206 copula;

114 1204 188 1242 Sed
208 1205 246 1242 in
272 1205 332 1242 his
351 1216 470 1253 parva
496 1208 657 1245 morula.

157 1277 240 1313 Jam
258 1276 358 1323 quod
379 1276 548 1323 quaesivi,
570 1277 697 1323 video,

109 1323 215 1367 Quod
235 1325 431 1372 concupivi
460 1328 598 1372 tenco3

108 1372 246 1408 Amore
264 1373 352 1409 Jesu
374 1373 551 1418 langueo,

109 1419 156 1455 Et
174 1419 286 1456 corde
314 1423 413 1457 totus
434 1421 564 1458 ardeo.

155 1492 264 1528 Jesus
289 1502 376 1528 cum
397 1491 450 1529 sic
470 1491 654 1539 diligitur,

109 1540 178 1576 Hic
199 1550 308 1576 amor
327 1551 400 1576 non
422 1541 692 1587 exstinguitur,

108 1588 190 1624 Non
208 1587 378 1634 tepescit,
401 1598 469 1624 nee
489 1588 677 1635 moritur3

106 1635 195 1672 Plus
213 1634 347 1672 erescit
368 1638 405 1672 et
424 1636 659 1673 accenditur.

152 1706 218 1742 Hic
237 1717 344 1743 amor
365 1707 473 1744 ardet
490 1707 645 1755 jugiter,

102 1753 285 1790 Dulcessit
306 1753 545 1795 mirabiliter.

103 1801 207 1848 Sapit
233 1802 519 1848 delectabiliter,

102 1849 271 1887 Delectat
291 1853 329 1887 et
350 1850 521 1888 feliciter.

149 1921 215 1958 Hie
241 1933 349 1959 amor
366 1923 500 1960 missus
521 1922 684 1966 coelitus,

100 1969 224 2005 liceret
241 1969 334 2006 mihi
354 1971 587 2016 medullitus,

99 2017 264 2054 Mentem
288 2017 455 2055 incendit
483 2021 645 2065 penitus,

98 2065 178 2102 Hoc
193 2064 406 2102 delectatur
426 2066 594 2115 spiritus.

144 2137 172 2174 Ο
186 2137 339 2174 beatum
359 2137 594 2181 incendium,

95 2185 124 2223 Ο
145 2185 282 2222 ardens
309 2185 541 2223 desiderium
560 2187 568 2224 l

93 2233 122 2270 Ο
140 2233 248 2270 dulce
268 2233 524 2280 refrigerium,

91 2281 230 2318 Amare
250 2281 317 2318 Dei
343 2281 501 2319 Filium!

138 2354 240 2393 Jesu,
267 2353 337 2389 ssos
355 2352 482 2389 Matris
502 2353 683 2402 Virginis,

90 2402 206 2437 Amor
228 2404 367 2436 nostrae
389 2400 615 2449 dulcedinis,

90 2447 170 2485 Tibi
192 2447 274 2484 laus
295 2448 416 2484 honor
438 2448 618 2497 numinis,

89 2497 264 2543 Regnum
284 2496 542 2533 beatitudinis.

136 2563 242 2607 Veni,
267 2562 367 2607 veni,
389 2564 464 2600 Rex
484 2563 639 2610 optime,

94 2612 203 2647 l‘ater
225 2612 418 2647 immensa:
440 2611 588 2658 gloriae,

86 2658 233 2705 Atrutge
254 2658 371 2695 menti
392 2659 532 2697 clarius

84 2707 168 2744 Jam
187 2710 422 2754 exspectatus
441 2708 594 2755 saepius.

1037 211 1140 254 JeSU,
1160 209 1240 247 sole
1260 209 1447 257 serenior,

992 258 1034 293 Et
1049 258 1219 294 balsamo
1240 257 1406 303 suavior,

989 304 1098 341 Omni
1119 305 1272 341 dulcore
1292 305 1450 350 dulcior,

992 354 1071 390 l'rae
1093 352 1233 389 cunctis
1257 353 1471 389 amabilior.

1035 423 1148 468 Cujus
1169 426 1302 467 gustus
1316 423 1369 458 sie
1391 421 1524 469 afficit,

988 469 1100 515 Cujus
1120 469 1216 506 odor
1230 471 1283 506 sic
1300 469 1435 507 reficit.

986 518 1025 553 ln
1047 527 1124 563 qua
1144 528 1250 553 meus
1272 517 1497 554 mc:1tlesscit
1521 529 1529 554 ε

985 564 1096 601 Solus
1113 565 1256 601 amanti
1277 565 1429 602 sufficit.

1032 636 1086 672 Tu
1106 634 1243 672 mentis
1264 634 1480 680 delectatio,

981 682 1131 719 Amoris
1153 683 1451 727 consummatio;

982 732 1050 775 Tu,
1072 741 1156 767 mea
1177 729 1369 776 gloriatio,

981 779 1069 815 Jesu
1090 778 1217 816 mundi
1235 778 1407 815 salvatio.

1027 848 1073 885 Mi
1095 849 1246 894 dilecte,
1265 853 1471 894 revertere,

980 896 1142 933 Consors
1162 901 1328 943 paternae
1349 897 1530 944 dexterae,

979 946 1131 981 Hostem
1156 944 1278 981 v1cisti
1302 955 1499 992 prospere,

977 993 1061 1029 Jam
1081 992 1163 1029 eoeli
1184 1004 1302 1040 regno
1330 993 1485 1030 fruere.-

1025 1064 1170 1110 Sequar
1191 1066 1227 1100 te
1249 1074 1400 1110 quoquo
1423 1064 1526 1106 ieris,

975 1110 1064 1146 Mihi
1092 1110 1171 1147 tolli
1192 1122 1268 1147 non
1289 1111 1452 1158 potizris;

975 1158 1069 1195 Cum
1095 1169 1221 1195 meum
1241 1170 1306 1195 cor
1331 1159 1549 1205 abstuleris,

973 1207 1063 1242 Jesu
1085 1206 1168 1243 laus
1189 1206 1310 1243 nostri
1329 1208 1491 1253 generis.

1023 1277 1113 1313 Coeli
1133 1277 1247 1321 cives,
1268 1278 1468 1323 occurrite,

976 1325 1108 1361 Portas
1134 1329 1279 1361 vestras
1297 1325 1473 1371 attollite,

975 1371 1255 1418 Triumpliatori
1283 1372 1397 1409 dicite
1423 1385 1430 1409 :

972 1421 1064 1464 Ave,
1086 1421 1175 1456 Jesu
1197 1421 1273 1456 Rex
1295 1421 1446 1467 inelyte.

1021 1492 1098 1527 Rex
1119 1490 1314 1532 virtutum.
1338 1492 1414 1528 Rex
1436 1490 1582 1539 gloriae,

973 1539 1049 1574 Rex
1071 1538 1228 1583 insignis
1248 1539 1430 1584 victoriae,

970 1587 1057 1622 Jesu
1078 1586 1235 1632 largitor
1256 1586 1404 1633 gratim,

972 1635 1099 1670 Honor
1122 1634 1288 1672 coelestis
1310 1635 1438 1672 curiae!

1015 1706 1082 1750 Tu,
1102 1704 1185 1742 fons
1207 1705 1492 1751 inisericordiae,

965 1753 1032 1796 Tu,
1062 1763 1160 1790 verae
1185 1754 1311 1790 lumen
1333 1754 1490 1799 patriae;

966 1800 1068 1836 Pelle
1093 1801 1234 1837 nubem
1255 1801 1435 1847 tristitiae,

963 1848 1079 1885 Nobis
1099 1848 1194 1885 dans
1215 1849 1340 1885 lucem
1362 1848 1512 1896 gloriae.

1008 1921 1059 1956 Te
1079 1919 1165 1957 coeli
1186 1921 1326 1957 chorus
1349 1920 1549 1967 praedicat,

962 1968 1007 2004 Et
1026 1972 1110 2005 tuas
1130 1969 1264 2005 laudes
1285 1968 1464 2015 replicat;

960 2017 1069 2052 Jesus
1090 2016 1223 2053 orbem
1250 2017 1437 2059 laetitleat,

960 2064 1006 2100 Et
1031 2074 1100 2099 nos
1122 2064 1199 2100 Deo
1225 2064 1412 2110 pacificat.

1005 2135 1112 2171 Jesus
1133 2134 1172 2170 in
1192 2145 1285 2181 paee
1304 2134 1485 2182 imperat,

959 2182 1050 2225 Quae
1071 2192 1223 2219 omnem
1245 2193 1396 2219 sensum
1419 2188 1598 2229 superat;

958 2231 1062 2266 Hane
1082 2240 1188 2266 mens
1210 2240 1294 2266 mea
1314 2230 1516 2276 desiderat,

957 2278 1002 2314 Et
1016 2277 1082 2314 illo
1101 2277 1174 2314 srui
1191 2282 1386 2325 properat.

1001 2351 1112 2388 Jesus
1129 2350 1178 2387 ad
1196 2351 1348 2387 Patrem
1365 2351 1490 2397 rediit,

957 2398 1115 2434 Coeleste
1138 2409 1298 2444 regnum
1326 2398 1455 2439 subiit,

955 2447 1027 2482 Cor
1047 2456 1173 2481 meum
1199 2456 1222 2482 a
1244 2456 1301 2482 me
1325 2446 1491 2493 transiit,

956 2494 1045 2530 Post
1067 2495 1194 2530 Jesum
1218 2494 1329 2531 simul
1355 2494 1460 2531 abiit.

999 2565 1082 2601 Jam
1108 2574 1380 2610 prosequamur
1399 2565 1592 2610 laudibus,

950 2615 1094 2657 Jesum,
1115 2612 1263 2659 hymnis
1280 2617 1317 2649 et
1339 2613 1514 2659 precibus
1538 2627 1546 2651 :

952 2663 995 2698 Ut
1018 2670 1083 2696 nos
1103 2660 1220 2697 donet
1243 2660 1474 2708 coelestibus,

951 2709 1043 2745 Cum
1063 2707 1142 2755 ipso
1165 2708 1237 2746 srui
1253 2710 1424 2747 sedibus.

999 2781 1132 2817 Amen.

1673 144 1730 179 315
