1924 3157
110 213 169 248 358
605 207 745 241 INDEX
783 205 1038 240 GENERALIS
1078 204 1242 239 RERUM·

268 323 312 348 DE
332 321 469 346 CHRISTI
495 318 727 345 ASCENSIONE·

112 404 234 442 Series
270 401 440 439 historiae
478 399 717 437 Ascensionis
749 399 890 435 Christi

160 449 309 487 Domini
330 449 461 495 nostri.
559 447 624 491 IV,
649 450 714 491 245
733 450 765 482 ct
783 455 888 490 seqq.

113 500 166 535 De
187 496 477 543 exprobratione
507 493 781 531 incredulitatis
801 497 890 528 tunc

163 544 353 590 discipulis
376 544 485 580 sacta.
730 540 797 584 IV,
824 542 889 582 246

114 594 168 629 Ι)0
196 590 462 628 commissione
487 593 568 625 tum
592 588 780 633 Apostolis
804 587 892 623 data

160 639 406 686 Evangelium
419 636 651 685 praedicandi
666 635 769 672 omni
785 644 891 670 crea-

162 690 272 723 turae.
742 681 807 726 IV,
826 683 893 724 246

116 733 367 780 Interrogatio
404 733 451 769 ab
488 730 672 777 Apostolis
712 729 814 767 facta
848 727 894 763 de

161 781 403 817 restitutione
422 778 530 827 regni
550 778 679 822 Israel,
700 781 735 813 et
759 775 897 812 Christi

164 828 374 875 responsio.
733 822 800 867 IV,
830 825 896 857 250

118 876 170 911 De
201 875 285 911 loco
321 887 364 911 ex
388 885 463 921 quo
499 874 667 911 Christus
693 871 733 907 in
760 869 897 906 coelum

164 922 347 961 ascendit.
596 918 664 964 IV,
688 921 753 954 252
777 920 810 953 et
830 917 896 952 255

117 969 171 1006 De
194 968 241 1005 iis
266 969 329 1016 qui
350 981 435 1007 cum
458 970 601 1006 Christo
615 967 653 1003 in
675 966 812 1003 eoelum
831 974 899 999 as-

165 1016 385 1054 cenderunt.
743 1011 808 1055 IV,
834 1013 898 1046 252

119 1064 173 1100 De
209 1064 348 1101 Christi
382 1062 623 1102 ascendentis
662 1057 899 1097 benedictio-

167 1121 215 1146 ne
232 1111 424 1158 discipulis
444 1112 543 1147 data.
741 1105 810 1148 IV,
832 1107 895 1141 251

121 1158 296 1195 Ascendit
339 1159 508 1196 Christus
551 1155 707 1203 propria
744 1154 898 1196 virtute,

167 1216 244 1241 non
265 1207 433 1242 subsidio
456 1204 593 1241 alieno.
737 1199 805 1244 IV,
832 1202 897 1235 255

121 1253 175 1288 De
196 1252 356 1289 ecclesia
375 1253 413 1289 in
436 1253 519 1288 loco
536 1247 775 1287 Ascensionis
797 1247 900 1298 Chri-

168 1301 219 1335 sti
239 1300 438 1341 aedificata,
455 1310 498 1335 ac
516 1299 561 1334 de
579 1296 716 1334 Christi
734 1293 899 1339 vestigiis

169 1345 221 1382 ibi
246 1348 284 1382 in
307 1350 435 1383 monte
467 1345 601 1382 Oliveti
624 1344 746 1380 adhuc
773 1351 899 1377 rema-

170 1393 360 1430 nentibus.
594 1408 598 1411 ·
741 1388 808 1434 IV,
832 1391 897 1424 255

123 1441 267 1477 Coelum
287 1450 506 1488 empyreum
525 1440 692 1476 Christus
711 1436 901 1483 ingressus

171 1491 239 1524 est.
741 1483 807 1526 IV,
835 1485 900 1518 256

123 1536 176 1571 De
196 1536 364 1573 sessione
387 1536 525 1573 Christi
544 1534 593 1571 ad
619 1533 811 1569 dexteram
836 1531 902 1565 Pa-

172 1582 254 1620 tris.
748 1579 815 1624 IV,
835 1580 901 1613 256

124 1632 177 1668 De
199 1633 391 1677 triumpho
415 1631 457 1668 in
479 1629 584 1666 coelis
609 1628 650 1664 in
675 1626 903 1664 Ascensione

175 1678 329 1715 Christi.
750 1673 817 1719 IV,
837 1674 902 1720 257

126 1726 365 1763 Ascensionis
389 1726 530 1763 Christi
549 1724 696 1770 figurae.
748 1720 815 1767 lv,
838 1725 905 1768 259

333 1829 442 1854 vAmA
466 1828 510 1853 DE
532 1826 690 1852 CHRISTO.

128 1903 297 1940 Christus
313 1902 412 1938 unde
438 1900 587 1936 dicitur.
662 1897 694 1944 Ι,
720 1899 762 1933 82
783 1899 816 1932 et
840 1898 905 1932 215

130 1952 299 1988 Christus
314 1952 369 1985 est
390 1959 454 1984 rex
475 1950 511 1983 et
529 1945 718 1982 sacerdos.
787 1943 818 1988 Ι,
840 1946 905 1979 215

130 1999 298 2035 Christus
326 2000 382 2032 est
399 1995 514 2031 totius
534 1992 664 2029 mundi
690 1991 908 2037 redemptor

177 2047 215 2081 et
230 2044 408 2080 salvator.
746 2038 816 2082 111,
843 2052 905 2084 177

132 2092 299 2129 Christus
317 2100 432 2137 quare
454 2087 645 2124 interdum
665 2089 819 2122 vocetur
839 2086 908 2120 Do-

175 2139 315 2183 minus,
341 2137 533 2173 interdum
560 2135 686 2178 Pater,
715 2132 907 2169 interdum

178 2188 357 2233 Sponsus.
783 2179 815 2224 I,
842 2183 907 2225 257

128 2235 251 2279 Quare
287 2233 455 2269 Christus
479 2227 690 2266 inhibuerit
714 2238 754 2264 se
779 2226 908 2263 vocari

177 2281 314 2317 Filium
332 2277 413 2315 Dei.
792 2273 864 2317 ΙΙΙ,
887 2277 906 2309 5

132 2329 300 2366 Christus
330 2336 447 2372 quare
465 2323 591 2371 potius
610 2325 765 2359 vocetur
793 2320 908 2357 Filius

177 2373 355 2411 hominis.
679 2369 751 2414 ΙΙΙ,
770 2383 788 2405 2
810 2373 843 2404 et
867 2371 906 2404 15

132 2424 299 2460 Christus
324 2431 442 2467 quare
463 2419 588 2456 vocari
608 2418 769 2454 voluerit
796 2417 909 2452 Naza-

177 2479 291 2505 raeus.
784 2462 817 2508 Ι,
844 2466 908 2499 ι26

133 2518 298 2554 Christus
318 2515 505 2562 quomodo
522 2513 571 2548 sit
590 2523 687 2548 rosa.
747 2510 817 2555 ΙΙΙ,
844 2513 907 2546 156

135 2565 302 2601 Christus
339 2573 452 2607 qnam
485 2571 572 2597 vere
609 2559 656 2595 sit
691 2560 837 2602 Pastor,
872 2559 910 2592 et

178 2609 368 2657 quomodo
388 2610 528 2645 habeat
549 2616 682 2644 omnes
703 2603 906 2652 qualitates

179 2657 258 2693 veri
278 2655 456 2692 Pastoris.
767 2651 818 2696 ΙΙ,
840 2654 907 2687 502

135 2705 304 2742 Christus
329 2702 517 2750 quomodo
543 2702 685 2747 Agnus,
713 2702 750 2736 et
775 2709 843 2735 cur
857 2698 910 2733 sic

184 2752 315 2788 dictus·
786 2746 817 2790 Ι,
842 2747 908 2781 208

136 2801 303 2837 Christus
333 2807 449 2845 grano
485 2793 664 2831 frumenti
694 2793 735 2830 in
767 2796 910 2829 terram
934 2818 937 2819 γ

184 2844 350 2882 cadentis
369 2846 622 2890 comparatur.
749 2839 819 2883 ΙΙΙ,
843 2842 909 2881 204

965 276 1132 312 Christus
1148 272 1336 320 quomodo
1354 281 1514 320 sponsus
1533 275 1590 310 est
1603 273 1739 311 animae

1013 322 1146 358 fidvlis.
1619 320 1650 367 Ι,
1673 324 1738 368 257

967 369 1131 405 Christus
1151 370 1209 404 est
1228 368 1408 405 medicus.
1612 367 1644 412 1,
1673 371 1739 405 255

967 417 1134 452 Christus
1154 419 1212 452 est
1228 415 1438 452 animarum
1454 417 1614 450 venator
1631 414 1742 451 mira·

1014 462 1111 498 hilis.
1509 460 1560 503 H,
1580 465 1624 506 46
1644 465 1677 498 et
1698 465 1740 509 87

967 512 1046 554 Quo
1065 520 1178 547 sensu
1201 511 1365 547 Christus
1378 508 1451 546 dici
1469 512 1592 556 potest
1612 510 1743 546 hortu-

1015 557 1138 593 lanus.
1585 556 1653 602 IV,
1679 560 1744 604 194

970 605 1135 641 Christus
1148 604 1334 650 quomodo
1350 603 1411 640 lux
1431 604 1576 649 mundi,
1599 608 1636 640 et
1657 615 1746 650 quo-

1017 653 1126 688 modo
1143 653 1243 688 hunc
1263 652 1444 688 debemus
1465 651 1583 698 sequi.
1603 651 1654 695 ΙΙ,
1678 654 1744 687 285

972 700 1138 736 Christus
1156 703 1212 736 est
1238 709 1347 735 mons
1371 704 1408 735 et
1430 699 1621 747 exemplar
1640 698 1681 735 in
1701 709 1746 734 eo

1020 752 1225 783 ostensum.
1585 745 1656 788 ΙΙΙ,
1677 749 1747 782 516

972 794 1165 838 Quomodo
1190 794 1354 830 Christus
1374 793 1487 831 fuerit
1505 793 1639 840 plenus
1660 803 1747 839 gra-

1019 843 1081 877 tiae
1099 844 1135 877 et
1161 842 1342 877 veritatis.
1629 839 1660 886 I,
1683 842 1747 876 128

975 889 1140 925 Christus
1156 887 1289 924 habuit
1311 898 1443 924 omnes
1463 888 1636 933 virtutes,
1654 897 1748 934 prae-

1020 938 1078 971 ter
1094 936 1208 972 fidem
1228 939 1265 972 et
1287 946 1403 981 spem.
1627 934 1659 980 Ι,
1683 937 1748 971 128

977 983 1142 1019 Christus
1159 982 1268 1019 nobis
1281 983 1384 1019 dedit
1399 983 1568 1029 exempla
1587 985 1751 1029 quatuor

1022 1032 1202 1066 virtutum
1221 1030 1483 1066 cardinalium.
1588 1030 1659 1075 ΙΙΙ,
1685 1043 1750 1077 129

977 1077 1142 1113 Christus
1156 1089 1265 1124 quam
1280 1088 1423 1124 pauper
1436 1083 1473 1114 et
1483 1077 1589 1124 inops
1602 1087 1752 1122 semper

1031 1124 1155 1161 fucrit.
1178 1125 1228 1166 ΙΙ,
1244 1139 1321 1173 129,
1351 1128 1428 1170 168,
1454 1139 1518 1161 202
1540 1129 1574 1162 et
1591 1124 1660 1170 III,
1681 1127 1750 1160 526

978 1172 1115 1224 Christi
1129 1172 1329 1225 ‘humilitas
1347 1183 1386 1209 se
1401 1172 1620 1219 parentibus
1638 1171 1751 1218 subji-

1024 1222 1171 1258 cientis.
1628 1219 1659 1265 Ι,
1686 1222 1750 1256 155

979 1266 1143 1319 Christus
1175 1267 1426 1304 humilitatem
1456 1278 1663 1314 numquam
1693 1267 1752 1303 di-

1023 1314 1140 1350 misit.
1590 1315 1661 1360 IV,
1687 1329 1753 1362 199

978 1360 1144 1397 Christus
1177 1373 1326 1408 semper
1357 1363 1405 1399 ad
1430 1361 1593 1400 humiles
1621 1362 1755 1399 domos
1821 1375 1824 1377 “

1024 1407 1245 1447 divertebat.
1443 1443 1449 1451 .
1624 1410 1657 1455 Ι,
1684 1412 1753 1446 556

978 1458 1111 1511 Christi
1130 1459 1279 1495 bonitas
1300 1461 1336 1495 et
1355 1458 1569 1505 benignitas
1589 1468 1680 1504 erga
1702 1456 1756 1493 di-

1023 1506 1202 1551 scipulos.
1456 1504 1522 1550 IV,
1545 1509 1612 1543 208
1633 1509 1667 1542 et
1688 1518 1755 1552 209

980 1553 1142 1590 Christus
1160 1553 1197 1589 in
1217 1553 1278 1590 die
1289 1552 1421 1600 judicii
1453 1553 1525 1590 erit
1543 1552 1656 1591 simul
1675 1555 1754 1588 ter-

1026 1600 1148 1636 ribilis
1163 1606 1199 1637 et
1219 1601 1393 1637 blandus.
1599 1599 1666 1645 IV,
1689 1613 1755 1647 299

981 1648 1115 1685 Christi
1137 1647 1352 1694 benignitas
1372 1648 1601 1685 absolventis
1620 1647 1756 1684 mulie-

1029 1706 1108 1731 rem
1130 1695 1352 1732 adulteram.
1471 1695 1521 1741 ΙΙ,
1548 1699 1613 1732 282
1635 1698 1668 1730 et
1690 1696 1755 1730 285

982 1743 1023 1779 In
1049 1744 1187 1779 Christo
1215 1743 1364 1779 suerunt
1388 1743 1468 1780 haec
1493 1744 1567 1779 tria
1589 1754 1598 1779 t
1621 1740 1758 1778 mentis

1030 1790 1229 1833 stabilitas,
1253 1790 1433 1827 doctrinae
1457 1791 1609 1833 veritas,
1632 1794 1668 1826 et
1688 1787 1758 1824 zeli

1029 1837 1279 1874 immensitas.
1618 1836 1668 1877 ΙΙ,
1690 1838 1757 1872 205

984 1885 1145 1921 Christus
1178 1896 1327 1931 semper
1357 1887 1438 1921 erat
1465 1889 1687 1921 mansuetus
1718 1883 1758 1918 in

1029 1933 1303 1978 respondendo.
1613 1930 1664 1975 ΙΙ,
1690 1932 1758 1966 288

984 1981 1146 2017 Christus
1173 1980 1361 2025 quomodo
1396 1979 1533 2015 dicitur
1557 1977 1759 2025 profecisse

1032 2027 1216 2072 sapientia
1245 2030 1282 2062 et
1309 2027 1432 2072 gratia
1457 2026 1558 2073 apud
1584 2027 1702 2061 Deum
1722 2027 1760 2060 et

1032 2074 1220 2111 homines.
1496 2073 1526 2116 I,
1554 2075 1618 2109 128
1637 2076 1670 2108 et
1694 2074 1757 2107 155

986 2123 1149 2159 Christus
1173 2126 1337 2167 quatuor
1354 2120 1491 2168 legitur
1506 2120 1651 2156 vicibus
1671 2128 1760 2155 suas

1031 2172 1153 2205 vestes
1175 2168 1408 2215 deposuisse.
1598 2166 1668 2211 ΙΙΙ,
1690 2169 1756 2202 551

984 2218 1147 2255 Christus
1167 2217 1391 2263 quaerendus
1421 2218 1491 2260 est,
1511 2213 1624 2261 idque
1641 2213 1761 2249 humi-

1030 2264 1129 2302 liter.
1605 2260 1671 2304 IV,
1696 2275 1759 2307 197

985 2313 1165 2349 Christum
1202 2310 1393 2357 suscipere
1425 2307 1564 2346 volenti
1599 2311 1762 2354 quatuor

1031 2364 1117 2396 sunt
1136 2358 1365 2395 necessaria.
1603 2354 1670 2399 IV,
1694 2357 1760 2390 215

985 2409 1148 2446 Christus
1165 2405 1322 2441 veniens
1345 2405 1385 2441 in
1406 2404 1573 2440 animam
1596 2402 1762 2448 quinque

1031 2456 1070 2492 in
1087 2465 1131 2490 ea
1148 2457 1338 2500 operatur.
1604 2449 1670 2493 IV,
1694 2462 1760 2496 219

985 2504 1037 2540 De
1059 2504 1244 2549 potestate
1267 2500 1406 2537 Christo
1429 2509 1451 2535 a
1480 2498 1589 2533 Patre
1609 2497 1698 2532 data
1719 2499 1762 2531 ut

1033 2547 1192 2586 homini.
1607 2543 1673 2587 IV,
1693 2545 1758 2590 257

987 2598 1149 2635 Christus
1168 2591 1419 2630 diversimode
1438 2591 1677 2628 infirmitates
1696 2601 1762 2626 no-

1035 2647 1132 2680 stras
1152 2641 1311 2678 curavit.
1643 2638 1673 2682 Ι,
1695 2639 1759 2684 195

987 2692 1152 2729 Christus
1188 2688 1301 2725 etiam
1331 2685 1562 2723 comedendo
1593 2686 1760 2769 instrue-

1032 2739 1110 2774 bat.
1661 2759 1670 2777 ,
1693 2733 1758 2766 255

987 2787 1107 2831 Quare
1124 2784 1289 2821 Christus
1305 2780 1416 2820 iverit
1432 2780 1481 2818 ad
1495 2778 1664 2817 convivia
1676 2787 1759 2824 pec-

1035 2834 1218 2868 catorum.
1635 2824 1667 2869 I,
1691 2826 1758 2859 255
