1924 3157
293 154 343 188 DE
382 153 576 188 SECUNDO
613 154 923 190 COMPIETORIO.
962 155 1002 188 {Nl
1044 155 1259 189 PASSIONE
1299 155 1459 189 Domiti.

63 225 228 259 montem
259 222 452 266 Calvariae,
480 234 523 261 ac
555 225 677 261 locum
712 225 838 271 sepul·
877 232 880 251 ³

63 269 156 310 chri,
180 274 216 305 et
237 271 353 307 multa
373 271 455 307 lot-a
478 282 604 315 ,εει-Γᾶς
628 271 665 308 iu
685 282 760 319 qua
777 283 834 308 se-

60 317 258 364 pulchrum
291 319 439 354 Domini
473 324 528 355 est
564 321 662 355 inti-a
705 330 837 366 quam-

1644 156 1694 189 151

922 225 1078 261 Domino
1100 224 1190 270 pati,
1213 228 1248 262 et
1268 224 1368 262 velut
1392 225 1533 263 mundo
1554 224 1699 262 crucifi-

876 274 879 321 }
919 272 954 317 gi
977 282 1130 308 necesse
1152 276 1227 314 est;
1250 272 1287 308 in
1310 272 1470 319 septima
1495 284 1583 309 vero
1605 278 1697 310 aeta·

876 328 878 353 'i

60 365 146 400 dam
170 366 303 402 cellam
330 366 531 402 rotundam
554 366 718 411 puli-liris
740 367 836 413 lapi·
875 394 877 398 Α

59 411 168 448 dibus
188 417 456 450 construi-lain
475 416 559 450 llaec
578 413 762 461 siquidem
781 425 836 451 ec-

60 458 173 496 clesia
199 461 382 497 Doininiri
416 461 604 508 sepulchri
631 466 687 498 est
714 462 835 498 Patri-

58 507 235 551 arclialis,
264 512 299 544 et
326 508 414 545 olim
448 510 610 545 habebat
635 509 834 546 canonicos
874 519 876 525 ’

58 555 252 599 regulares
267 560 304 592 et
319 556 496 603 priorem,
512 556 715 593 secundum
732 557 834 593 habi-

60 604 138 638 tum
161 609 197 639 et
219 604 386 650 regulam
415 604 532 639 sunt-ti
555 603 749 649 Augustini
779 603 830 639 vi-

61 654 206 694 ventes,
223 651 362 696 quitius
385 652 466 687 loco
489 651 647 688 Abbatis
670 650 834 687 Ptitriar-

61 697 130 733 cha
159 702 333 744 praeerait,
375 700 431 734 cni
474 698 542 734 soli
577 698 833 735 otwdieniiam

60 745 344 790 promittebant.
364 747 447 781 Haec
463 744 621 782 erclesiu
639 745 735 781 inter
750 757 835 782 sau-

60 797 119 828 cta
145 796 181 828 et
213 793 441 829 venerabilia
470 793 565 836 lot-a,
596 804 668 829 non
699 793 831 830 iiiiine-

59 837 132 876 rito
171 839 318 877 obtinet
357 839 621 887 principatum,
656 840 692 876 iu
727 843 832 886 cujus

63 885 145 923 loco
166 891 241 924 tain
266 898 402 934 magua
433 892 467 924 et
500 899 595 924 mira
618 899 682 934 pei·
705 888 834 926 Domi-

58 944 149 971 num
172 938 258 972 sunt
280 936 377 972 facia
398 939 433 972 et
458 941 621 972 ostensa.

103 997 122 1029 7
149 984 266 1020 Famae
294 995 424 1027 sexve,
454 995 525 1024 ouA
552 984 726 1022 Cuaisws
748 996 836 1022 uon-

55 1040 145 1066 Tuns
165 1043 206 1067 ετ
235 1043 411 1068 SEPULTUS
446 1043 522 1075 Esr,
553 1044 766 1069 ui‘sreiuuiii.
793 1054 838 1059 -

55 1079 102 1113 Et
121 1078 199 1114 dies
219 1083 298 1114 erat
319 1081 546 1122 Parasreves,
570 1079 606 1115 id
619 1084 676 1116 est
693 1091 837 1127 praepa-

55 1125 228 1166 rationis.
255 1126 396 1163 scilicet
423 1132 525 1163 sexta
558 1127 664 1168 feria,
690 1127 727 1163 in
765 1138 839 1174 qua

56 1174 368 1220 praeparabantui·
388 1174 453 1210 illa
483 1185 568 1220 quae
607 1174 643 1210 in
680 1176 836 1212 sabbato

58 1221 203 1258 comedi
222 1222 430 1265 debel›ant;
453 1225 486 1258 et
505 1222 698 1258 sabbatum
714 1224 838 1260 illuce-

56 1270 189 1311 scebat.
207 1269 293 1316 quia
308 1280 465 1315 vespera
479 1269 526 1306 ad
545 1270 744 1306 sabbatum
758 1281 837 1317 por-

58 1315 180 1354 tineus
198 1318 374 1361 instabat,
391 1328 413 1353 a
431 1327 503 1362 qua
522 1317 738 1354 soli-mnitas·
755 1319 836 1355 sub-

57 1365 135 1401 bati
161 1364 377 1411 incipiebat.
403 1364 467 1401 Ubi
493 1364 711 1409 sciendum,
735 1366 837 1412 quod

57 1412 153 1449 sicut
178 1414 288 1450 homo
308 1417 411 1449 sexta
433 1412 526 1449 t'eria
545 1417 694 1449 creatus
709 1418 778 1457 est,
801 1417 838 1450 et

85 1459 249 1504 eccavit;
271 1460 324 1497 sic
341 1461 511 1497 Christus
532 1464 636 1497 sexta
655 1460 747 1497 seria
771 1472 836 1505 pro

85 1508 210 1544 omine
230 1511 481 1552 mortuusest,
503 1511 540 1544 et
553 1507 746 1544 satisfecit.
768 1510 835 1545 Uu-

57 1556 102 1591 de
122 1559 158 1591 et
178 1555 269 1592 dixit
288 1567 296 1592 :
327 1557 619 1592 Consummatum
642 1560 708 1597 est,
744 1567 837 1603 opus

55 1602 198 1640 scilicet
220 1603 481 1648 recreationis,
506 1603 602 1640 sicut
622 1604 755 1640 eadem
777 1605 837 1641 die

56 1655 360 1688 consummatum
385 1651 453 1688 t'uit
481 1661 575 1697 opus
604 1651 835 1696 creationis;

55 1700 90 1734 et
126 1700 222 1735 sicut
248 1699 405 1736 sabbato
433 1698 617 1744 requievit
655 1699 702 1735 ab
735 1700 835 1735 omni

55 1755 170 1792 opere
192 1757 274 1786 suo,
303 1745 356 1782 sic
378 1746 536 1783 sabbato
557 1745 697 1791 quievit
719 1747 754 1782 in
777 1758 837 1783 se-

56 1794 224 1839 pulchro,
243 1793 281 1830 in
301 1793 449 1841 signum
468 1793 568 1839 quod
590 1793 627 1829 in
645 1794 715 1830 hac
735 1797 839 1831 sexta

56 1844 166 1878 aetate
186 1852 254 1889 pro
277 1852 320 1878 eo
348 1841 512 1888 operari,
546 1845 583 1877 et
608 1841 684 1888 pati
723 1841 837 1879 debe-

56 1899 153 1934 mus,
175 1896 217 1926 ut
238 1891 274 1925 in
292 1889 452 1936 septima
470 1899 553 1926 cum
576 1888 654 1936 ipso
671 1888 839 1935 quiesca-

57 1947 164 1981 mus;
187 1937 306 1974 donec
326 1937 363 1973 in
386 1942 529 1980 octava,
557 1939 733 1974 veniente
758 1938 837 1984 glo-

57 1983 115 2022 ria
148 1984 460 2029 Resurrectionis,
497 1995 580 2021 rum
623 1987 700 2030 ipso
728 1985 837 2022 simul

57 2032 194 2079 gaudio
213 2033 464 2080 perfruamur.
483 2033 587 2070 Unde
599 2033 716 2068 Beda:
739 2047 756 2067 «
775 2034 840 2069 Pa-

57 2091 210 2117 rascevo
234 2082 376 2125 Graece,
402 2080 527 2117 Latine
544 2083 766 2126 praeparatio
784 2080 839 2117 in-

57 2130 301 2175 terpretatur,
329 2139 402 2174 quo
436 2127 587 2165 nomine
618 2128 752 2172 Judaei,
777 2129 837 2175 qui

58 2174 158 2213 inter
179 2177 327 2213 Graecos
346 2177 681 2219 eonversabantur,
696 2180 835 2213 sextam

57 2224 218 2269 sabbati,
240 2235 323 2270 quae
340 2234 437 2260 nunc
457 2234 479 2259 a
499 2224 606 2261 nobis
625 2228 728 2260 sexta
745 2224 838 2261 feria
875 2216 878 2261 ῗ

57 2276 226 2315 vocatur,
246 2272 489 2318 appellabant
512 2283 520 2315 ;
544 2282 587 2308 eo
604 2271 701 2318 quod
723 2271 758 2307 iii
774 2271 837 2309 illo
876 2288 877 2292 ¹

60 2319 106 2356 ab
125 2330 240 2366 opere
260 2331 328 2356 suo
347 2319 529 2364 requievit
551 2321 661 2363 Deus,
683 2320 780 2356 unde
803 2323 836 2356 et
875 2335 878 2358 i

60 2366 156 2403 hanc
178 2368 391 2410 sabbatum,
413 2367 449 2403 id
471 2370 528 2404 est
545 2366 711 2414 requiem
734 2378 838 2403 voca·

58 2413 89 2450 ri
111 2414 301 2461 praecepit.
337 2416 448 2451 Recte
485 2414 666 2452 Dominus
705 2415 838 2451 eadem

57 2461 118 2498 die
133 2467 236 2499 sexta
254 2463 468 2506 crutitixu&
490 2463 663 2499 humanae
685 2473 838 2509 repara-

58 2508 169 2545 tionis
192 2511 358 2556 imptevit
376 2520 574 2554 arcanum;
602 2510 758 2547 sabbato
779 2521 840 2547 au-

59 2560 134 2593 tem
154 2557 189 2593 iii
210 2558 410 2604 srpulcliro
432 2556 686 2603 requiescens,
706 2559 840 2595 Resur-

60 2604 254 2648 rectionis,
278 2617 363 2650 qua:
385 2609 518 2641 octava
539 2605 599 2642 die
620 2609 777 2642 ventura
800 2616 838 2642 e-

60 2655 131 2697 rat,
159 2655 396 2697 emma-tabat
429 2657 617 2689 eventum.
643 2653 749 2690 Unde
772 2664 840 2690 no-

62 2702 150 2736 strae
172 2700 282 2737 simul
299 2699 510 2737 devotionis
528 2711 569 2737 ac
588 2701 707 2737 beatae
730 2700 839 2737 retri-

65 2746 230 2785 butionis
247 2751 424 2795 praelucct
445 2748 671 2793 exemplum,
690 2758 784 2794 quos
802 2747 840 2785 in

63 2793 132 2831 hac
161 2795 310 2841 quidem
346 2800 449 2833 sexta
473 2795 601 2832 mundi
624 2799 734 2833 aetate
772 2806 840 2842 pro

872 695 878 892 l

874 2154 878 2206 Ι

875 2375 880 2534 i

877 2543 881 2661 l

919 323 967 362 te,
987 318 1023 354 id
1042 325 1100 355 est
1120 330 1203 355 cum
1225 320 1312 355 lethi
1335 320 1419 366 quis
1435 320 1602 358 debitum
1623 320 1696 357 sol-

918 370 982 410 vit,
1006 376 1165 412 corpora
1198 367 1350 412 quidem
1372 367 1409 404 in
1432 367 1598 412 tumulis,
1620 365 1699 405 ani·

918 424 998 449 mas
1018 417 1146 449 autem
1165 418 1311 450 secreta
1330 415 1366 450 iu
1386 425 1491 461 pace,
1525 425 1610 452 cum
1631 415 1699 453 Do-

918 461 1018 497 mino
1046 471 1215 501 manere,
1242 465 1279 496 et
1305 466 1387 506 post
1420 463 1518 499 bona
1551 465 1700 509 oportet

917 518 1032 555 opera
1052 509 1273 554 quiescere3
1311 507 1433 546 donec
1452 514 1583 547 octava
1613 513 1700 546 tau-

915 555 1000 592 dein
1024 555 1196 591 veniente
1231 559 1356 595 aetate,
1398 556 1510 592 etiarn
1539 567 1700 604 corpora

915 603 995 650 ipssi
1037 601 1315 639 resurrectione
1351 602 1572 647 glorificata.
1614 614 1699 641 cum

915 651 1114 687 animabus
1131 649 1239 686 simut
1258 650 1581 696 incorruptionem
1594 655 1703 688 aeter·

917 709 973 734 nae
999 697 1218 734 hereditatis
1254 696 1456 743 accipiant.
1486 698 1592 735 Unde
1621 698 1699 741 pul-

915 748 1004 782 chre
1023 747 1184 791 septima
1204 744 1284 781 dies
1304 744 1487 782 inGenesi
1506 755 1701 788 vesperam

916 792 1093 830 habuisse
1123 803 1197 828 non
1234 791 1372 839 legitur
1400 804 1408 828 z
1437 792 1524 838 quia
1555 792 1702 838 requies

915 840 1141 885 animarum,
1158 850 1242 886 quae
1255 839 1291 876 in
1307 839 1370 875 illo
1383 840 1509 877 seculo
1519 850 1619 876 nunc
1630 842 1701 886 est,

875 897 878 904 ’
918 899 993 925 non
1027 887 1286 924 consumenda
1314 897 1498 932 moerore,
1526 887 1592 924 sed
1619 888 1700 934 ple-

919 935 1013 972 niori
1043 936 1180 981 gaudio
1204 936 1340 972 suturae
1363 938 1417 971 est
1451 933 1700 972 resurrectio-

921 984 976 1020 uis
997 983 1245 1029 adaugenda:
1267 984 1346 1019 haec
1360 983 1472 1019 Beda.
1496 982 1565 1020 Utii
1587 982 1700 1019 etiam

919 1037 1022 1075 nota,
1042 1031 1142 1076 quod
1158 1030 1256 1066 iuter
1266 1033 1392 1066 cetera
1410 1029 1602 1077 mysteria,
1618 1039 1701 1076 quae

918 1078 1030 1115 hodie
1053 1077 1220 1114 Ecclesia
1249 1077 1443 1121 facit,=hoc
1480 1088 1594 1114 unum
1627 1082 1700 1122 est,

918 1125 1005 1173 quiit
1026 1125 1138 1162 hodie
1172 1136 1241 1172 pro
1263 1124 1441 1161 omnibus
1465 1127 1563 1161 orat.
1585 1124 1700 1170 Cujus

918 1173 1038 1210 oratio
1054 1172 1224 1219 est,quia
1239 1172 1409 1209 Christus
1421 1173 1489 1209 suit
1501 1171 1614 1208 hodie
1630 1171 1705 1208 val-

918 1222 963 1258 de
985 1221 1078 1265 pius,
1102 1220 1141 1257 in
1163 1220 1368 1267 parcendo,
1387 1218 1569 1265 quoniam
1589 1229 1704 1256 orans

918 1268 1009 1306 dixit
1041 1280 1048 1304 :
1077 1270 1199 1313 Pater,
1221 1268 1366 1303 dimitte
1394 1268 1487 1311 illis,
1512 1278 1582 1302 non
1609 1268 1704 1302 enim

917 1319 1037 1353 sciunt
1065 1316 1156 1362 quid
1179 1317 1325 1359 faciunt
1346 1329 1357 1358 ‚·
1381 1314 1450 1351 fuit
1471 1314 1578 1350 valde
1614 1314 1707 1350 libe-

918 1363 1023 1406 ralis.
1045 1363 1084 1400 in
1103 1363 1316 1409 largiendo,
1337 1362 1426 1409 quia
1448 1362 1494 1399 ad
1516 1361 1703 1399 modicam

918 1411 1138 1458 petitionem
1159 1411 1261 1448 dedit
1285 1409 1420 1448 latroni
1450 1419 1609 1456 reguum
1628 1419 1701 1446 coe-

918 1460 1041 1496 lorum
1058 1458 1185 1495 dicens
1198 1470 1206 1494 :
1221 1459 1336 1494 Hodie
1350 1468 1487 1494 mecum
1499 1459 1569 1492 eris
1583 1459 1622 1492 in
1639 1458 1703 1493 Ρα-

916 1508 1060 1551 ⁷·‹iclz'so3
1086 1506 1154 1542 suit
1172 1506 1280 1543 valde
1300 1507 1439 1553 largus,
1456 1504 1493 1541 in
1509 1504 1701 1541 redimen-

918 1555 980 1599 do,
1003 1554 1090 1601 quia
1108 1564 1184 1590 non
1210 1558 1369 1601 guttam,
1389 1554 1453 1589 sed
1476 1556 1592 1589 totum
1618 1562 1704 1588 san-

917 1602 1073 1649 guinem
1097 1612 1165 1649 pro
1189 1605 1320 1638 nostra
1346 1599 1610 1647 redemptione
1637 1601 1702 1636 de-

918 1651 986 1695 dit,
1010 1650 1107 1686 unde
1129 1649 1168 1685 in
1192 1649 1340 1685 Psalmo
1365 1659 1372 1684 :
1396 1648 1491 1692 Quia
1514 1647 1615 1694 apud
1635 1648 1703 1684 Do-

918 1701 1057 1734 minum
1078 1697 1346 1740 misericordia,
1366 1699 1400 1732 et
1427 1697 1573 1741 copiosa
1601 1694 1703 1741 apud

919 1757 998 1782 eum
1011 1746 1224 1790 redemptio.
1243 1744 1330 1780 Ideo
1347 1742 1527 1787 Ecclesia,
1539 1742 1587 1779 ad
1602 1741 1702 1778 Simi-

919 1792 1119 1830 litudinein
1147 1792 1301 1836 Christi,
1325 1796 1382 1828 est
1404 1791 1516 1827 hodie
1543 1789 1703 1826 multum

919 1839 1086 1878 liberalis
1109 1841 1144 1876 in
1165 1840 1323 1879 orando,
1345 1842 1383 1875 et
1405 1837 1564 1874 multum
1584 1839 1648 1884 pia
1668 1836 1706 1873 in

920 1888 1123 1934 parcendo,
1143 1887 1261 1925 Hodie
1283 1887 1396 1923 etiam
1416 1886 1550 1923 fideles
1582 1885 1707 1922 eccle·

919 1938 992 1974 sias
1012 1946 1159 1979 omnes,
1186 1939 1224 1972 et
1257 1934 1393 1972 altaria
1424 1933 1578 1970 visitare
1613 1942 1707 1970 cou-

919 1987 1139 2028 sueverunt,
1175 1983 1281 2030 quus
1318 1982 1452 2029 triplex
1486 1980 1583 2018 ratio
1622 1983 1703 2018 est:

919 2042 1042 2080 prima
1061 2035 1131 2075 est,
1164 2032 1262 2076 quod
1295 2030 1361 2068 illa
1382 2029 1546 2066 visitatio
1567 2038 1704 2075 reprae-

919 2084 1042 2118 sentat
1074 2078 1332 2115 visitationem
1365 2077 1634 2124 Apostolorum
1667 2077 1704 2129 et

918 2131 1134 2165 sanctarum
1157 2125 1369 2170 mulierum,
1389 2136 1473 2172 quae
1494 2125 1626 2162 crebro
1647 2133 1702 2159 vi-

918 2176 1085 2214 sitabant
1115 2174 1356 2221 sepulchrum
1389 2185 1398 2218 ;
1435 2172 1602 2210 secunda
1630 2173 1701 2215 est,

918 2223 1007 2271 quia
1028 2223 1199 2260 Christus
1229 2221 1342 2258 hodie
1361 2231 1494 2257 omnes
1529 2220 1701 2263 Sanctos,

918 2271 981 2318 qui
1005 2272 1154 2308 luerunt
1175 2280 1198 2306 a
1224 2267 1409 2316 principio
1432 2266 1562 2305 mundi
1585 2276 1701 2312 usque

919 2329 1018 2356 nunc
1043 2316 1336 2364 praesentialiter
1355 2315 1530 2360 visitavit,
1547 2314 1635 2352 dum
1653 2313 1700 2350 ad

918 2367 1076 2404 limbum
1097 2363 1318 2411 descendit,
1353 2363 1464 2400 tertia
1499 2361 1596 2400 ratio
1624 2363 1700 2415 est,

919 2413 1007 2461 quia
1028 2413 1155 2451 Sancti
1171 2411 1286 2449 hodie
1315 2411 1453 2449 debent
1470 2409 1701 2463 valdethbe-

920 2461 1019 2499 rales
1045 2471 1143 2507 esse,
1182 2459 1335 2497 fuerunt
1370 2458 1472 2496 enim
1510 2457 1621 2495 hodie
1658 2456 1704 2493 de

920 2519 1072 2546 carcere
1090 2507 1256 2552 liberati,
1273 2512 1310 2544 et
1323 2507 1359 2544 in
1371 2506 1524 2544 coeleste
1544 2514 1703 2557 regnum

921 2556 1134 2594 sublimati.-
1153 2555 1183 2592 si
1203 2555 1284 2602 quis
1304 2554 1405 2592 enim
1427 2554 1474 2592 de
1492 2562 1641 2590 carcers
1657 2551 1703 2587 li-

921 2606 1133 2644 beraretur,
1165 2606 1201 2640 et
1228 2606 1262 2639 in
1290 2603 1489 2649 imperium
1524 2599 1704 2651 sublima-

922 2656 1039 2694 retur,
1064 2650 1168 2688 illam
1190 2650 1290 2687 diem
1309 2650 1440 2696 utique
1462 2649 1622 2700 multum
1644 2646 1704 2682 di-

922 2700 1069 2746 ligeret,
1091 2704 1127 2734 et
1149 2700 1186 2735 in
1208 2698 1273 2735 illa
1303 2697 1361 2734 die
1383 2697 1542 2734 multum
1565 2695 1700 2731 libera-

923 2747 967 2783 lis
987 2750 1107 2791 esset;
1135 2746 1267 2783 merito
1292 2745 1407 2792 igitur
1433 2744 1546 2781 hodie
1570 2740 1702 2779 fideles

922 2796 1078 2832 Sam-tos
1101 2793 1268 2839 visitant,
1291 2797 1328 2830 ut
1357 2793 1404 2829 ab
1430 2791 1519 2838 ipsis
1546 2791 1590 2826 dr
1619 2799 1698 2823 rnr-
