1924 3157
364 179 415 212 DE
455 179 722 212 ‚tsi:i;N>i‹‚ixt:
764 177 917 210 nullth

104 249 264 287 Domino
283 248 458 284 dicente:
479 250 613 284 Euntes
645 249 682 282 in
710 247 884 282 mundum
918 246 921 255 '

100 298 321 334 univers-um.
341 297 536 341 preedicrite
555 296 794 338 Evuiifpliwn
809 305 881 329 om-

101 346 142 380 ηἱ
161 346 360 386 creatm-ae,·
382 353 424 379 ex
441 348 530 378 tunc
548 344 665 382 enini,
686 344 724 376 in
742 353 882 377 omnem

101 395 235 428 terram
271 392 387 426 eccirit
409 401 518 426 sonus
556 401 690 428 eorum,
714 394 882 425 attamen

99 443 181 486 post
229 437 390 484 Spiritus
437 439 561 474 Sancti
607 436 878 482 receptionem.

101 488 268 531 Cumque
291 485 493 531 psallerent
516 489 588 521 tam
615 484 747 530 Angeli
770 493 883 529 quam

102 535 238 570 animae
263 535 394 573 lieatae,
421 532 600 568 Dominus
627 530 767 577 juni-tis
796 541 883 566 ma—

104 581 212 618 nibus
230 581 363 617 devote
383 584 417 616 et
451 590 599 616 sursum
633 582 721 614 ante
753 582 884 624 pectus

103 628 254 671 erectis,
275 633 312 664 et
339 628 525 663 nubecula
555 627 622 663 sub
652 626 810 671 pedibus
842 635 882 660 a-

103 677 261 714 scendit,
278 678 315 711 et
338 685 470 710 omues
500 673 599 711 beati
636 673 747 708 simili
771 673 882 708 modo

99 724 241 771 junctis
261 722 435 758 manibus
458 731 542 758 cum
571 722 730 757 Domino
748 730 882 756 ascen-

105 772 255 808 derunt.
285 771 446 806 Domino
483 774 610 805 autem
641 768 879 811 ascendente,

104 819 258 866 quidam
273 817 376 853 chori
401 817 631 862 Angelorum
654 816 773 862 ipsum
791 826 884 862 pras-

105 867 304 909 cedebant,
326 864 478 911 quidam
515 864 787 909 sequebantur,
820 861 883 898 alii

103 927 125 950 a
145 912 347 957 dextris,et
365 914 428 948 «ilii
448 923 469 948 a
490 910 672 954 sinistris;
697 921 782 946 cum
804 911 884 955 ipso

105 961 384 998 comitabantur
416 960 542 1002 simul,
569 963 604 995 et
644 969 728 993 «zum
763 958 884 994 beatis

103 1009 318 1047 animabus.

158 1072 192 1093 ιι
213 1057 391 1092 AscENmT
408 1055 573 1090 Domxus
590 1065 743 1090 mierum
764 1064 885 1088 vursu-

102 1116 158 1148 τε,
172 1115 244 1140 NON
269 1113 430 1139 SUBSIDm
452 1112 596 1137 Aanxo.
626 1122 670 1127 —
691 1100 886 1136 Ascende-

103 1152 167 1189 bat
189 1161 277 1187 vero
298 1150 481 1186 Dominus
501 1148 612 1195 plane
649 1152 686 1184 et
722 1158 884 1192 morose,

104 1204 259 1247 propter
291 1196 591 1233 consolationem
614 1195 740 1232 Matris
764 1200 800 1231 et
832 1194 884 1230 di·

105 1246 350 1293 scipulorum,
370 1254 566 1290 quousque
585 1247 759 1289 poteraut
782 1242 884 1278 vide-

104 1305 145 1331 re
160 1304 260 1331 eum.
275 1295 322 1329 Et
339 1298 427 1328 tunc
443 1292 614 1337 quaedam
631 1292 742 1327 nubes
765 1289 888 1326 lucida

107 1347 145 1378 et
183 1340 359 1383 candida,
382 1341 539 1386 suscepit
578 1349 658 1374 eum
695 1339 741 1374 ab
772 1338 887 1374 oeulis

106 1401 228 1425 eorum
264 1387 490 1431 carnalibus,
512 1387 600 1431 quia
627 1385 797 1422 claritate
819 1396 886 1421 nu-

107 1437 164 1474 bis
181 1435 448 1478 circumdatus,
470 1434 627 1470 ulterius
656 1444 732 1469 non
753 1437 810 1469 est
832 1432 888 1468 vi-

107 1496 172 1521 sus
191 1496 199 1528 3
220 1489 259 1520 ut
280 1483 341 1528 qui
366 1482 557 1518 Christum
585 1482 792 1517 secuudum
811 1491 890 1516 car-

108 1542 194 1569 nem
217 1533 414 1573 noverant,
438 1529 535 1565 ultra
552 1529 632 1575 jam
654 1530 706 1564 sic
723 1539 799 1564 non
819 1538 886 1564 no·

108 1583 271 1617 scerent.
299 1578 477 1613 Ascendit
499 1587 616 1621 usque
635 1576 680 1611 ad
704 1577 824 1611 nubes
845 1586 890 1611 ea

108 1628 232 1664 torma
252 1635 364 1672 quam
385 1631 471 1660 ante
495 1623 713 1660 Passionem
734 1622 886 1667 habuit;

108 1679 302 1720 susceptus
340 1678 463 1709 autem
497 1682 519 1707 a
545 1671 721 1711 nubibus,
744 1682 787 1706 ea
816 1682 888 1716 qua

108 1722 145 1759 in
167 1726 295 1758 monte
316 1718 624 1767 apparuitQuasi
640 1730 674 1754 in
697 1718 809 1764 globo
828 1719 891 1754 ba-

105 1770 194 1816 julae
219 1769 330 1805 nubis
349 1767 533 1811 aseendit,
554 1777 628 1802 non
651 1777 718 1812 per
737 1765 890 1801 modum

109 1815 324 1859 vebiculi,et
335 1814 438 1860 quasi
449 1815 495 1850 ad
512 1813 795 1850 ascendendum
809 1823 892 1859 ege-

110 1870 166 1900 ret
191 1861 402 1900 ministerio
427 1863 657 1908 Angelorum
681 1861 739 1897 iel
766 1862 888 1906 nubis,

110 1911 198 1959 quia
216 1922 284 1948 sua
319 1909 470 1956 propria
503 1909 638 1945 virtute
674 1909 888 1953 l'erebatur;

111 1959 175 1997 sed
194 1970 262 2006 per
278 1958 431 1994 modum
447 1956 644 2001 obstaculi,
656 1961 695 1992 ut
711 1957 758 1992 ab
774 1956 890 1992 oculis

111 2006 326 2044 mortalium
349 2004 509 2050 amplius
528 2015 602 2040 non
626 2003 830 2048 videretur,
854 2007 891 2039 et

112 2060 153 2092 ut
176 2066 243 2102 per
270 2054 339 2089 hoc
362 2053 636 2093 ostenderetur,
659 2051 748 2097 quia
768 2053 891 2087 omnis

112 2108 285 2139 creatura
303 2104 432 2147 parata
448 2104 503 2136 est
525 2100 682 2146 obsequi
697 2110 762 2135 suo
777 2099 890 2134 Crea-

113 2150 184 2187 tori
203 2161 211 2186 :
236 2149 353 2185 nubes
375 2150 475 2183 cuim
497 2158 581 2193 quae
600 2146 786 2183 subtraxit
805 2157 890 2182 eum

112 2199 160 2235 ab
179 2196 297 2234 oculis
316 2195 612 2242 inspicientium,
630 2198 667 2230 et
688 2194 818 2240 Angeli
835 2205 892 2230 as-

113 2247 286 2282 sistentes
305 2243 356 2280 ibi
383 2243 645 2279 ostendebant,
668 2243 768 2287 quod
790 2253 891 2278 crea-

115 2298 198 2329 tura
220 2291 428 2338 corporalis
443 2295 479 2327 et
499 2289 704 2336 spiritualis
725 2290 893 2336 subjecta

114 2345 171 2377 est
198 2340 380 2384 obsequio
403 2337 554 2375 Christi.
580 2339 624 2372 tit
643 2342 732 2373 tunc
754 2336 792 2372 in
817 2348 893 2373 mo-

115 2391 242 2424 mento
269 2396 353 2423 cum
387 2386 562 2421 omnibus
584 2384 738 2431 Angelis
759 2389 795 2420 et
815 2385 892 2420 Pa-

116 2435 236 2471 tribus
256 2433 396 2470 sanctis
415 2437 496 2469 erat
522 2432 560 2468 in
590 2437 710 2477 pati-ia
731 2433 893 2468 coelestis
925 2455 927 2464 .

115 2480 373 2519 beatitudinis.
406 2479 583 2516 Ascendit
611 2490 700 2525 ergo
723 2481 893 2516 Christus

113 2535 151 2566 et
171 2541 237 2576 per
258 2530 395 2565 nubem
410 2528 523 2564 coelos
537 2534 739 2574 penetrans
753 2538 893 2563 assum-

114 2582 199 2624 ptus
229 2581 283 2613 est
320 2577 357 2612 in
397 2577 533 2611 coelum
572 2575 794 2620 aethereum,
827 2586 892 2611 seu

116 2634 333 2671 empyreum
373 2634 448 2659 uon
489 2622 623 2658 virtute
657 2624 799 2668 aliena,
828 2624 892 2659 sed

117 2673 271 2720 propria
297 2683 304 2707 :
331 2675 413 2707 tum
445 2672 590 2707 ratione
622 2670 786 2715 deitatis,
810 2681 893 2716 quae

115 2719 246 2757 omnia
277 2722 424 2766 potcst3
447 2722 525 2754 tum
548 2716 692 2755 ratione
718 2717 894 2754 humani-

116 2767 203 2804 tatis
237 2766 426 2813 gloriosae,
462 2769 646 2812 quantum
676 2765 724 2801 ad
752 2770 894 2802 motum

117 2814 274 2852 localem
292 2826 359 2862 per
374 2814 503 2851 dotem
522 2811 716 2859 agilitatis,
738 2823 823 2859 quae
840 2818 896 2850 est

957 179 1112 212 Nos'Tlil
1152 180 1250 212 tljst
1291 179 1480 213 tjllltlSTl.
1681 179 1744 213 253

961 246 996 283 in
1017 247 1080 283 tali
1102 260 1271 293 corpore.
1297 249 1400 284 Unde
1423 259 1497 284 non
1516 259 1641 290 curru,
1667 259 1741 284 nou

917 324 919 332 Α
960 295 1108 331 Auscii<
1137 297 1354 331 sublevatus
1387 296 1535 342 legitur,
1559 294 1647 342 quia
1675 296 1737 340 qui

916 351 919 405 l

960 343 1100 377 l'ecvrat
1121 342 1261 385 omnia,
1285 354 1396 387 super
1423 343 1549 379 omnia
1568 354 1636 379 sua
1658 344 1738 378 vir-

959 394 1037 425 tute
1060 391 1261 425 serebant:
1288 392 1437 426 lleno‹·li
1466 402 1553 426 vero
1582 391 1628 427 ab
1656 392 1738 426 An—

959 436 1052 482 gelis
1088 437 1290 472 translatus
1327 443 1396 477 est,
1420 443 1455 473 et
1493 438 1590 474 Elias
1627 448 1738 474 curru

959 485 1159 520 subvectus
1180 490 1235 519 cst
1253 483 1289 518 in
1313 487 1449 520 coelum
1470 496 1638 525 aureum,
1662 496 1736 521 non

958 531 1094 567 virtute
1122 530 1275 577 propria
1298 542 1306 566 ε
1330 534 1417 577 quia
1455 533 1624 568 homines
1655 532 1737 579 puri

959 582 1081 621 erant,
1105 583 1141 615 et
1176 578 1314 614 virtute
1353 579 1571 624 indigebant
1601 579 1736 621 aliena.

959 630 996 662 et
1017 626 1107 672 quia
1129 637 1261 662 eorum
1283 636 1443 672 corpora
1465 627 1633 663 nundum
1655 631 1741 662 sunt

959 674 1364 719 gl‹›1·isi‹·ata.Stabant
1393 678 1518 710 autem
1555 676 1671 710 Mater
1706 679 1742 709 et

959 721 1149 767 discipuli,
1173 726 1209 756 et
1244 721 1482 766 Magdalena,
1505 725 1542 756 et
1576 721 1637 757 alii
1679 722 1740 756 in-

961 774 1108 805 tuentes
1156 769 1192 803 in
1230 768 1364 803 coelum
1403 773 1558 804 euntem
1602 768 1706 804 illum
1731 796 1739 811 ,

960 816 1140 861 quamdiu
1158 816 1366 862 apparebat
1377 815 1493 851 oculis
1510 826 1653 851 eorum.
1672 817 1742 852 Un-

960 864 1007 900 de
1027 864 1242 899 Ambrosz‘us
1265 876 1274 898 :
1299 876 1315 896 «
1340 863 1496 899 Stabant
1520 863 1620 899 beati
1646 865 1738 909 Apo-

961 911 1046 947 stoli
1072 916 1149 947 toto
1171 910 1343 955 suspensi
1362 921 1535 956 corpore,
1555 915 1593 946 et
1613 921 1743 946 ascen-

961 959 1111 994 dentem
1133 959 1180 995 ad
1201 959 1337 995 coelnm
1352 959 1567 1002 Dominum,
1584 957 1672 1003 quia
1690 957 1744 993 in·

962 1018 1067 1042 cessu
1091 1017 1167 1042 non
1191 1011 1377 1050 poterant,
1398 1005 1517 1041 oculis
1535 1007 1741 1051 sequeban-

964 1059 1035 1090 tur.
1056 1055 1097 1089 Et
1121 1054 1205 1090 licet
1225 1054 1273 1089 ad
1294 1053 1559 1089 deducendum
1575 1054 1740 1089 Salvato-

963 1112 1043 1137 rem
1079 1101 1172 1137 visio
1215 1101 1384 1137 humana
1425 1100 1617 1145 defecerit,
1656 1099 1740 1135 [idei

963 1152 1089 1185 tamen
1119 1149 1268 1185 devotio
1287 1159 1362 1184 non
1383 1147 1525 1184 deficit.
1549 1148 1672 1192 Usque
1694 1147 1742 1183 ad

964 1197 1100 1233 nubem
1119 1197 1219 1231 enim
1239 1196 1431 1231 deducunt
1450 1194 1639 1231 Cliristum
1657 1205 1742 1230 ocu-

964 1244 1022 1285 lis,
1047 1254 1166 1289 usque
1184 1245 1230 1279 ail
1253 1243 1367 1279 coelos
1384 1248 1607 1278 autemcum
1631 1243 1741 1278 Cliri-

963 1297 1020 1327 sto
1042 1290 1129 1327 fidei
1153 1292 1352 1327 devotione
1368 1289 1612 1327 comitantur.
1636 1289 1740 1326 Unde

963 1338 1015 1374 ait
1036 1339 1249 1385 Apostolus,
1273 1338 1397 1374 sciens
1426 1337 1541 1373 fidem
1571 1341 1741 1373 nostram

963 1386 1001 1422 in
1028 1385 1133 1422 coelis
1160 1397 1242 1422 esse
1269 1397 1352 1422 cum
1382 1384 1541 1421 Domino
1572 1396 1579 1420 :
1610 1386 1743 1422 Nostra

963 1438 1083 1469 autem
1105 1435 1329 1469 conversatio
1344 1435 1383 1468 in
1402 1433 1498 1468 coelis
1514 1436 1566 1468 est
1586 1445 1595 1467 :
1619 1445 1635 1464 »
1658 1433 1740 1467 liaec

962 1482 1192 1518 Ambrosius.
1222 1482 1249 1517 O
1284 1480 1375 1526 quid
1402 1482 1481 1515 erat
1511 1479 1637 1515 videre
1662 1481 1743 1515 Do-

964 1529 1109 1565 minum
1127 1528 1178 1564 sic
1193 1529 1357 1575 gloriose
1374 1527 1666 1564 ascendentem?
1685 1528 1742 1566 L‘t,

965 1577 994 1613 si
1021 1576 1104 1622 quis
1128 1576 1311 1622 potuisset
1339 1574 1471 1611 audire
1495 1579 1532 1610 et
1553 1574 1678 1611 videre
1698 1574 1742 1609 il-

966 1625 1021 1660 los
1050 1623 1288 1660 beatissimos
1324 1622 1494 1668 spiritus,
1530 1625 1566 1658 et
1598 1621 1744 1658 animas

966 1678 1114 1708 sanctas
1137 1682 1222 1707 cum
1260 1682 1304 1707 eo
1337 1670 1478 1717 pariter
1508 1669 1742 1712 ini-edentes,

966 1720 1061 1755 sorte
1082 1730 1157 1764 pru:
1184 1719 1321 1765 gaudio
1343 1719 1470 1754 anima
1497 1715 1598 1753 illius
1619 1730 1639 1752 a
1661 1728 1744 1752 cor-

967 1778 1056 1812 pore
1090 1771 1265 1811 separata
1293 1766 1434 1801 fuisset.
1459 1769 1497 1800 et
1525 1776 1610 1801 cum
1633 1763 1685 1800 eis
1707 1776 1744 1799 c-

965 1814 1055 1850 tiam
1074 1815 1217 1860 pariter
1238 1812 1483 1850 ascendisset.

1020 1876 1056 1897 12
1080 1863 1306 1897 Axomoncn
1346 1871 1549 1904 APPARlTlO,
1573 1870 1634 1900 oui
1656 1871 1745 1895 xcx—

965 1921 1070 1945 TIANT
1091 1910 1273 1946 Cnmsnm
1311 1920 1478 1944 molesme
1500 1918 1690 1943 vmrcncii
1712 1919 1747 1942 ix

967 1969 1085 1993 Pomm
1119 1969 1278 1994 numm.
1302 1977 1349 1982 —
1385 1956 1546 2001 Cumque
1572 1955 1649 2001 jam
1679 1955 1750 1990 Do-

968 2005 1092 2041 minus
1124 2006 1341 2041 subtraetus
1372 2006 1473 2039 esset
1499 2003 1545 2038 ab
1568 2002 1685 2038 oculis
1712 2005 1749 2038 et

967 2059 1171 2098 conspectu
1197 2062 1345 2095 eorum,
1371 2051 1494 2086 adbuc
1520 2054 1647 2086 tamen
1667 2060 1746 2086 sus-

968 2111 1094 2147 penszs
1128 2099 1309 2143 vultibus,
1340 2101 1566 2134 intuerentur
1601 2099 1637 2132 ιἰι
1675 2109 1750 2133 σω·-

968 2150 1042 2184 lum
1062 2151 1204 2183 euntem
1222 2148 1344 2187 illum,
1358 2157 1434 2182 ecce
1455 2149 1651 2190 propterea
1675 2145 1745 2180 duo

969 2198 1053 2238 tiri,
1080 2194 1223 2231 scilicet
1259 2194 1393 2240 Anglii
1428 2193 1466 2228 in
1497 2194 1618 2228 forma
1645 2191 1747 2228 vivo-

968 2254 1051 2279 rum
1071 2245 1246 2278 steterunt
1265 2242 1380 2287 junctu
1414 2241 1499 2276 illos
1528 2242 1567 2274 z'n
1590 2240 1747 2275 uestibus

968 2292 1076 2328 albis.
1101 2295 1141 2326 ut
1174 2289 1378 2336 gratulatio
1409 2290 1684 2323 monstraretur
1705 2297 1745 2322 ex

970 2338 1056 2384 ipsis
1075 2337 1326 2380 indunientis;
1341 2338 1405 2382 qui
1423 2340 1456 2370 et
1477 2335 1651 2370 dixerunt
1671 2336 1745 2370 eis:

975 2388 1054 2422 Viri
1075 2386 1231 2425 Galilaet,
1247 2385 1338 2429 quid
1358 2385 1466 2418 statis
1489 2383 1547 2418 llic
1569 2393 1635 2428 usp
1656 2383 1747 2417 cien-

969 2439 1018 2469 tes
1054 2435 1092 2468 in
1120 2434 1270 2468 coelum?
1306 2430 1458 2467 Galilaea
1480 2429 1745 2476 Apostolorum

968 2480 1090 2527 pitria
1118 2481 1197 2523 l'uit,
1232 2480 1331 2514 uuile
1357 2483 1395 2514 et
1423 2479 1490 2513 viri
1528 2477 1671 2513 tialilaei
1693 2477 1749 2513 di-

970 2533 1119 2565 cuntur.
1140 2530 1189 2563 Ac
1211 2527 1242 2562 si
1263 2526 1435 2562 dicerent
1456 2537 1464 2561 :
1492 2524 1605 2561 Statis
1631 2525 1691 2560 liic
1712 2530 1750 2560 et

971 2576 1006 2611 in
1031 2575 1168 2611 coelnm
1190 2574 1372 2619 aspicitis,
1394 2574 1500 2619 quasi
1529 2572 1634 2608 obliti
1657 2571 1746 2617 qnid

971 2624 1094 2659 facere
1121 2621 1302 2659 debeatis.
1328 2621 1460 2657 Redite
1481 2631 1515 2655 in
1537 2619 1693 2656 Civtzaie
1713 2631 1749 2662 xi,

970 2678 1007 2707 et
1045 2675 1258 2716 exspectate
1295 2667 1585 2715 promissionem
1615 2666 1747 2708 Patris,

971 2719 1067 2755 sit-ut
1089 2718 1230 2753 dietum
1254 2723 1308 2754 est
1326 2715 1444 2753 vobis.
1468 2714 1656 2755 Recedite.
1683 2726 1749 2748 ist-1:

972 2770 1138 2812 spectate
1156 2767 1301 2809 Jesum,
1325 2767 1364 2800 ut
1385 2763 1496 2800 modo
1517 2762 1646 2798 redeat
1667 2772 1673 2796 :
1694 2762 1751 2796 hic

972 2814 1072 2851 enim
1093 2814 1288 2859 Jesus,qui
1307 2814 1517 2858 assumptus
1537 2812 1588 2845 est
1609 2820 1630 2843 α
1654 2809 1752 2844 robis
