1924 3157
657 425 1224 499 TABULA

481 599 1031 648 ΟΟΝΟΙΟΝΑΤΟΒΙΒῌΞ
1085 598 1392 644 ΡΕΗυΤΙΙ-Ιὸ

245 743 911 800 EVANGELIORUM
965 743 1138 805 QUAE
1192 741 1634 798 LEGUNTUR

757 880 810 920 IN
832 881 1115 930 DOMINICIS,

222 1034 360 1064 FESTIS
386 1034 436 1063 ΕΤ
455 1033 583 1063 FERIIS
607 1033 754 1063 TOTIUS
777 1033 874 1062 ANNI
903 1031 1067 1062 PROPRIO
1096 1030 1319 1062 EVANGELIO
1349 1029 1645 1060 GAUDENTIBUS.

691 1157 801 1183 JUXTA
821 1157 970 1183 MISSALE
989 1156 1161 1183 Rom-mnu
1167 1173 1174 1182 .

830 1289 1042 1297 Q-

301 1432 583 1478 Evangelia
612 1432 882 1471 missarum
920 1432 980 1470 de
1011 1430 1216 1477 Proprio
1247 1430 1307 1467 de
1335 1429 1570 1474 tempore.

196 1555 387 1589 Dominica
406 1555 424 1590 Ι
441 1554 635 1590 Adventus
658 1555 817 1589 Domini.

117 1613 238 1650 Erunt
261 1612 368 1659 signa
395 1611 433 1649 in
454 1614 546 1658 sole,
569 1617 605 1650 et
632 1613 737 1658 luna,
757 1617 793 1649 et
813 1615 899 1651 stel-

165 1660 225 1707 lis,
257 1664 328 1697 etc.
365 1663 451 1697 Luc.
494 1676 550 1698 21.
586 1663 698 1698 Parte
731 1660 781 1703 ΙΙ,
818 1673 901 1710 cap.

163 1713 223 1754 42.

376 1781 571 1816 Dominica
590 1781 638 1816 H.

117 1841 210 1878 Cum
243 1840 413 1877 audisset
447 1842 616 1877 Joannes
653 1838 693 1875 in
731 1839 901 1888 vinculis,

167 1893 238 1925 etc.
259 1889 392 1925 Matth.
420 1903 473 1925 ιι.
499 1889 540 1924 P.
564 1887 595 1932 I,
620 1898 653 1924 c.
673 1890 730 1925 56.

371 1960 563 1994 Dominica
582 1960 647 1994 ΠΙ.

115 2017 297 2055 Miserunt
320 2017 440 2055 Judaei
467 2018 514 2054 ab
541 2017 800 2065 Mei-osolymis,
829 2021 901 2056 etc.

164 2068 270 2103 Joan.
297 2081 328 2103 1.
349 2067 390 2102 P.
417 2065 499 2110 l‚c.
527 2081 580 2113 ¹9·

165 2139 273 2174 Feria
295 2139 431 2183 quarta
452 2137 617 2180 Quatuor
641 2138 855 2183 Temporum

402 2185 611 2220 Adventus,

118 2245 252 2282 Missus
287 2246 344 2282 est
374 2244 539 2290 Angelus
573 2243 724 2281 Gabriel
757 2254 779 2281 a
810 2246 902 2290 Deo,

165 2295 237 2329 etc.
256 2294 343 2329 Luc.
370 2307 401 2329 1.
423 2294 462 2328 Ρ.
486 2291 517 2337 Ι,
540 2303 571 2328 c.
597 2295 631 2328 5.

381 2365 488 2399 Feria
510 2367 629 2400 sexta.

118 2425 331 2470 Exsurgens
359 2423 490 2462 Maria.
520 2424 613 2461 abiit
639 2425 677 2460 in
706 2427 901 2471 montana,

164 2475 235 2509 etc.
255 2473 341 2508 Luc.
372 2487 402 2508 1.
427 2472 468 2507 Ρ.
493 2471 523 2517 Ι,
549 2483 580 2509 e.
605 2476 643 2508 6.

419 2545 595 2582 Sabbato.

117 2605 224 2641 Anno
251 2604 381 2650 quinto
404 2604 549 2640 decimo
569 2603 707 2641 Tiberii
729 2604 900 2650 Caesaris,

166 2658 237 2690 etc.
258 2654 343 2689 Luc.
367 2655 401 2688 5.
426 2654 465 2688 l'.
489 2651 518 2696 l,
542 2664 573 2688 e.
605 2666 657 2698 17.

374 2723 563 2758 Dominica
584 2723 648 2759 IV.

120 2773 228 2807 Anno
250 2770 380 2816 quinto
403 2770 548 2806 decimo
572 2768 711 2807 Tiberii
732 2771 900 2817 Caesaris,

167 2822 238 2856 etc.
266 2820 352 2855 Luc.
376 2822 410 2854 5.
433 2819 473 2854 P.
496 2817 526 2863 l,
548 2828 581 2854 C.
612 2833 664 2864 17·

1047 1558 1087 1592 In
1115 1556 1257 1600 Viqilisz
1283 1555 1504 1593 Natiuitatis
1532 1553 1682 1591 Christi.

975 1617 1066 1653 Cum
1105 1619 1203 1652 esset
1239 1615 1466 1661 desponsata
1503 1614 1620 1649 Mater
1654 1614 1759 1657 Jesu,

1024 1667 1094 1700 etc.
1119 1664 1251 1699 Matth.
1277 1678 1307 1699 1.
1328 1663 1368 1698 P.
1392 1661 1422 1706 Ι,
1445 1672 1477 1699 c.
1499 1663 1532 1696 8.

1022 1736 1064 1770 1η
1079 1734 1192 1770 missa
1206 1734 1342 1816 primia,
1355 1733 1470 1787 noctis
1486 1731 1708 1768 Natiuitatis

1319 1791 1447 1816 ommi.

976 1841 1070 1877 Exiit
1090 1839 1254 1877 edictum
1274 1850 1297 1875 a
1316 1840 1464 1876 Cfesare
1480 1838 1662 1884 Augusto,
1685 1842 1756 1873 etc.

1022 1891 1108 1926 Luc.
1133 1902 1166 1925 2.
1196 1889 1237 1923 P.
1265 1887 1296 1932 Ι,
1316 1898 1348 1923 e.
1372 1902 1405 1934 9.

1093 1962 1135 1998 1η
1156 1961 1271 1996 missa
1292 1958 1466 2004 secunda,
1485 1967 1639 1994 aurorae.

976 2022 1153 2058 Pastores
1167 2019 1420 2066 loquebantur
1435 2017 1482 2054 ad
1495 2016 1667 2057 invicem,
1687 2018 1758 2052 etc.

1022 2071 1108 2106 Luc.
1130 2081 1163 2104 2.
1187 2069 1228 2104 P.
1250 2066 1282 2111 Ι,
1305 2077 1335 2103 e.
1357 2081 1391 2113 9.

1148 2141 1191 2175 In
1214 2140 1323 2174 tertia
1344 2139 1472 2181 missa,
1494 2136 1582 2172 diei.

976 2201 1017 2236 In
1039 2197 1228 2245 principio
1249 2200 1330 2234 erat
1350 2197 1530 2239 Verbum,
1554 2198 1626 2233 etc.
1650 2195 1757 2231 Joan.

1028 2262 1058 2283 1.
1082 2247 1123 2282 Ρ.
1146 2246 1177 2291 Ι,
1199 2256 1230 2283 c.
1251 2258 1262 2282 1
1284 2250 1318 2282 et
1338 2256 1370 2282 c.
1406 2247 1460 2281 18.

974 2318 1166 2354 Dominica
1200 2317 1304 2360 infra
1336 2316 1510 2352 Octavam
1538 2314 1759 2352 Nativitatis

1282 2364 1441 2399 Domini.

975 2427 1064 2462 Erat
1080 2424 1219 2470 J··seph
1234 2426 1271 2459 et
1287 2422 1405 2459 Maria
1423 2425 1545 2459 mater
1559 2421 1579 2458 J
1584 2430 1664 2465 esu,
1684 2422 1758 2457 etc.

1022 2475 1105 2526 Lac.
1130 2486 1161 2508 τὶ.
1188 2473 1228 2507 Ρ.
1250 2470 1280 2516 Ι,
1298 2481 1328 2507 e.
1358 2483 1411 2506 ιο..

1008 2547 1049 2582 In
1070 2544 1128 2579 clim
1154 2542 1291 2579 octava
1312 2542 1535 2579 Natiuitatis
1557 2541 1716 2577 Domini.

977 2606 1150 2641 Pastores
1166 2603 1420 2649 loquebantur
1437 2602 1484 2639 ad
1496 2601 1755 2645 invicem‚elc.

1023 2655 1106 2689 Luc.
1133 2666 1164 2687 2.
1186 2652 1226 2686 P.
1250 2650 1281 2695 1,
1305 2662 1336 2686 c.
1360 2667 1393 2698 9.

1045 2725 1085 2759 In
1108 2722 1166 2757 die
1198 2722 1494 2758 circumcisionis
1521 2722 1680 2757 Domini.

976 2784 1179 2828 Postquam
1197 2780 1446 2817 consummati
1462 2784 1548 2817 sunt
1562 2779 1642 2816 dies
1657 2783 1755 2825 octo,

1022 2832 1093 2866 etc.
1116 2830 1203 2866 Luc.
1228 2842 1259 2865 α.
1283 2829 1320 2864 P.
1348 2828 1377 2873 I,
1398 2839 1429 2864 c.
1459 2843 1512 2867 10.
