1924 3157
691 167 740 201 DE
781 165 927 201 FlNALl
969 167 1167 201 ltinlctu.
1695 161 1752 195 293

118 238 218 275 mille
248 237 420 273 ducentis
447 237 655 284 sexaginta,
677 237 713 273 id
747 241 802 274 est
824 236 890 273 tri-

117 286 186 322 bus
209 283 319 321 annis
337 288 373 320 et
392 284 563 329 dimidio,
585 286 680 321 sicut
713 288 749 321 et
783 283 891 322 Chri-

116 337 195 369 stus
221 331 453 378 praedicavit,
475 331 601 368 amicti
623 331 752 376 saccis,
778 332 814 368 il
835 334 892 368 est

115 379 373 426 poenitentiam
390 380 504 416 verbo
524 379 770 424 praedicantcs
785 384 822 416 et
837 390 893 415 ex-

115 427 238 474 emplo
257 437 323 463 suo
336 427 594 463 ostendentes.
611 428 814 470 Etomnes,
828 427 890 472 qui

115 484 343 519 cognoscere
366 478 401 509 et
421 474 591 510 confiteri
620 485 749 510 verum
776 475 892 510 Deum

117 525 259 564 volunt,
282 522 351 557 h·›s
369 521 464 558 duos
480 532 588 557 senes
612 524 648 557 ct
665 532 818 558 veraces
839 526 892 557 te-

115 572 191 605 sti-s
207 569 502 614 subsequuntur,
529 568 699 615 iniquum
726 578 893 605 errorem

115 615 360 652 descrentes:
384 615 566 662 quoniam
584 617 649 662 ipsi
672 615 710 651 in
732 614 891 659 magnis,

116 666 153 699 et
173 673 301 699 coram
329 664 419 708 Deo,
443 666 481 699 et
500 673 628 699 coram
655 663 794 709 populo
822 662 891 698 ful-

115 711 270 756 gebunt,
289 709 390 745 vicos
416 713 452 745 et
480 710 652 746 civitates
675 714 710 745 et
734 711 892 755 plateas,

114 761 226 802 atque
248 756 322 793 alia
344 757 426 793 loca
446 756 671 803 ubicumque
694 757 793 794 fitius
812 767 894 804 per-

115 803 269 841 ditionis
290 804 520 841 contrariam
550 804 765 841 doctrinam
787 815 894 841 suam

114 851 312 896 efflaverit,
355 855 634 898 percurrentes,
674 862 718 889 ae
759 852 797 888 in
840 852 894 888 eis

115 899 231 936 multa
247 899 357 945 signa
379 899 418 935 in
440 899 578 945 Spiritu
601 900 735 936 Sineto
757 899 893 936 facien-

115 950 195 990 tes3
218 946 271 983 ita
296 951 333 983 ut
355 946 476 983 omnis
496 947 656 994 populus
689 947 750 994 qui
779 958 824 983 ea
847 947 898 982 vi·

115 994 214 1030 derit
234 994 271 1030 in
292 994 492 1031 maximam
513 995 804 1031 admirationem
827 994 895 1031 du-

115 1047 233 1078 catur.
260 1041 402 1078 Idcirco
424 1047 552 1078 autem
579 1042 660 1078 haec
681 1052 822 1088 magna
842 1042 895 1077 si-

114 1100 201 1135 gna,
226 1100 340 1135 supra
362 1089 512 1125 firmam
540 1093 687 1136 petram
718 1090 895 1134 solidata,

114 1136 188 1172 iuis
215 1136 420 1180 dabuntur,
441 1140 627 1182 quatenus
648 1135 713 1173 illa
736 1141 894 1173 contra-

115 1183 172 1220 ria
200 1188 238 1220 et
273 1183 367 1220 falsa
388 1186 496 1226 signa
522 1182 765 1230 ainciantur.
788 1184 895 1220 Anti-

115 1230 278 1267 christus
298 1231 453 1267 tandem
475 1233 619 1267 occidet
639 1242 702 1267 eos
729 1230 767 1267 in
787 1232 895 1268 Jeru-

117 1278 249 1322 salem,
268 1283 304 1314 ct
326 1278 506 1324 jacebunt
529 1289 689 1326 corpora
707 1289 838 1315 eorum
859 1278 896 1314 in

116 1326 252 1373 plateis
282 1328 405 1362 tribus
434 1325 569 1362 dicbus
593 1329 627 1362 et
661 1325 836 1362 noctibus
859 1329 897 1362 et

117 1373 275 1410 dimidio
306 1385 313 1409 ε
337 1373 427 1420 quia
442 1373 565 1410 nulius
587 1373 742 1410 audebit
763 1384 897 1419 eorpo-

118 1431 159 1457 ra
191 1431 324 1457 eorum
355 1420 530 1468 sepelire,
563 1425 719 1467 propter
752 1424 898 1457 metum

117 1467 355 1513 Amic-bristi,
390 1472 427 1504 ut
461 1468 691 1514 quicumque
719 1467 896 1513 viderint,

118 1515 276 1552 timemt
294 1518 348 1552 eis
368 1516 612 1552 conformari.
632 1517 720 1552 Post
734 1518 811 1552 tres
828 1526 895 1552 au-

118 1566 194 1599 tem
223 1563 303 1599 dies
332 1567 369 1599 et
404 1562 603 1600 dimidium
624 1566 839 1609 resurgent.
862 1566 899 1599 et

118 1611 165 1646 ad
194 1611 330 1647 coelum
352 1610 390 1646 in
414 1611 514 1646 nube
546 1611 765 1647 ascendent.
790 1609 896 1647 Anti-

117 1658 280 1694 christus
309 1668 397 1695 vero
419 1657 639 1704 quindecim
669 1658 803 1694 diebus
840 1668 899 1694 re-

117 1707 249 1752 gnabit
269 1709 353 1752 post
379 1709 540 1742 mortem
564 1705 729 1741 illorum.
754 1707 897 1752 Regna-

117 1753 173 1790 bit
191 1756 318 1789 autem
336 1752 456 1789 tribus
477 1752 586 1788 annis
614 1756 648 1789 ct
671 1752 842 1796 dimidio,
860 1756 898 1789 et

118 1805 215 1848 post,
239 1799 419 1836 Dominus
438 1803 623 1847 pote-tate
650 1811 720 1836 sua
751 1800 897 1836 occidet

118 1858 204 1884 eum
227 1858 235 1884 ι
259 1849 336 1884 sive
370 1857 437 1894 per
463 1858 517 1893 se,
541 1849 619 1884 sive
642 1858 710 1894 per
731 1847 896 1883 Mis-hae-

119 1895 192 1931 lem
222 1895 515 1941 Archangelum.
538 1894 737 1931 Occidetur
768 1898 898 1931 autem

119 1943 158 1979 in
180 1946 307 1978 monte
334 1942 468 1979 Olivcti
504 1943 541 1978 in
576 1941 780 1988 papilione,
802 1946 840 1978 et
859 1941 898 1978 in

117 1991 211 2027 solio
233 1999 316 2035 suo,
342 1991 377 2026 in
402 1990 482 2026 loco
512 1989 574 2026 illo
596 1991 694 2026 unde
717 1989 899 2025 Dominus

119 2035 309 2083 ascendit,
339 2037 481 2073 scilicet
513 2037 552 2073 in
580 2036 727 2083 praesati
760 2036 900 2073 montis

119 2084 274 2129 vertice,
296 2085 359 2131 qui
392 2084 530 2121 dicitur
555 2084 730 2131 inclytus,
751 2085 840 2131 quia
855 2094 899 2120 ex

119 2143 164 2169 eo
185 2132 357 2169 Salvator
388 2131 560 2168 ascendit
586 2132 633 2168 ad
659 2136 825 2178 patrem3
850 2130 900 2168 ibi

121 2190 285 2225 namque
298 2179 454 2226 peribit,
467 2179 565 2216 unde
577 2179 762 2216 Dominus
773 2189 901 2215 ascen-

121 2226 188 2264 dit.
217 2228 297 2271 Quo
331 2226 544 2271 interfecto,
569 2237 646 2263 non
682 2226 810 2263 statim
841 2237 901 2262 ve-

120 2274 199 2311 niet
219 2274 402 2310 Dominus
430 2274 478 2310 ad
499 2274 699 2320 ,judicium
718 2274 786 2310 sed
808 2284 899 2310 con-

121 2323 303 2359 cedentur
329 2321 583 2368 quadraginta
618 2322 789 2368 quinque
821 2320 901 2357 dies

120 2369 169 2406 ad
195 2370 434 2415 refrigerium
456 2371 695 2414 Sanctorum,
712 2373 749 2404 ct
768 2368 815 2405 ad
826 2378 902 2415 ρω-

123 2415 321 2453 nitentiam
337 2417 618 2453 subversorum.
635 2418 827 2460 Quantum
839 2426 901 2452 au-

123 2468 198 2500 tem
227 2464 275 2500 sit
306 2463 471 2510 spatium
495 2465 593 2500 inter
620 2465 704 2500 illos
730 2463 902 2510 quadra-

123 2511 227 2559 ginta
248 2511 414 2557 quinque
436 2510 530 2556 dies,
547 2515 585 2548 et
618 2511 734 2548 finem
756 2510 902 2554 mundi,

124 2569 235 2595 nemo
258 2557 342 2594 scit.
370 2558 489 2595 Judaei
524 2563 612 2595 tunc
645 2559 693 2596 ad
726 2558 904 2604 praedica-

125 2605 269 2642 tionem
293 2607 445 2642 Henoch
467 2610 503 2642 et
525 2606 614 2643 Eliae
635 2609 905 2643 convertentur

125 2654 172 2690 ad
195 2654 322 2696 fidem,
345 2658 381 2690 et
400 2657 531 2690 sancta
545 2653 712 2690 Ecclesia
732 2652 904 2700 usquein

126 2701 243 2738 finem
268 2701 396 2737 mundi
419 2701 577 2748 pacifica
594 2701 762 2748 quiescet
784 2712 792 2736 :
815 2700 904 2747 quia

127 2754 277 2785 extunc
305 2748 559 2785 fraudulentia
591 2753 627 2785 et
658 2747 802 2785 saevitia
823 2747 905 2784 ‹tia-

130 2795 202 2832 boli
223 2795 368 2843 penius
386 2795 547 2832 desidet.

1012 242 1031 281 4
1072 238 1350 274 0))ειτιωῐιΑτιο
1388 246 1512 272 uuum.
1559 254 1603 261 —
1640 232 1743 270 Circa

964 285 1302 330 conflagrationem
1318 282 1448 320 mundi
1468 281 1664 318 scIendum
1679 285 1748 324 est,

965 331 1066 378 quod
1086 331 1184 378 ignis
1205 331 1458 377 permaximus
1471 329 1675 366 adventum
1688 329 1750 364 Ju-

965 379 1059 416 dieis
1091 378 1309 424 praevenict,
1333 382 1369 413 et
1397 379 1530 414 faciem
1556 377 1633 424 ejus
1652 386 1748 423 prae-

967 426 1103 463 cedet:
1132 424 1221 471 quia
1249 425 1386 460 virtute
1420 426 1548 461 divina
1587 434 1663 460 non
1693 433 1750 458 so-

967 474 1044 510 lum
1062 472 1176 519 ignis,
1197 472 1261 518 qui
1283 472 1390 508 estin
1408 473 1557 518 ›phiera
1579 482 1666 515 sua;
1684 470 1749 506 sed

967 523 1082 558 etiam
1103 530 1234 556 omnes
1268 518 1389 564 ignes,
1412 523 1449 555 et
1474 519 1534 565 qui
1560 518 1596 554 in
1635 522 1751 559 terra,

967 572 1005 605 et
1031 567 1094 613 qui
1116 577 1229 613 super
1259 570 1399 602 terram
1427 570 1527 610 sunt,
1551 566 1596 602 ad
1623 564 1750 601 mundi

967 614 1306 661 conflagrationem
1329 617 1569 650 concurrent.
1594 613 1665 649 Per
1699 614 1752 647 is-

968 666 1048 699 tum
1070 662 1195 709 ignem
1217 661 1325 708 quasi
1347 660 1457 697 simul
1489 660 1554 696 fiet
1580 659 1752 705 purgatio

965 711 1172 757 J'ustorum,
1191 712 1228 745 et
1259 708 1404 755 punitio
1440 708 1643 751 malorum,
1666 706 1756 742 inci-

971 757 1118 794 neratio
1139 766 1340 801 corporum
1360 759 1397 792 et
1419 754 1655 799 consumptio
1680 759 1753 789 tor-

970 816 1022 842 rae
1059 805 1310 841 nascentium.
1349 803 1509 839 Habebit
1548 803 1650 837 enim
1684 800 1754 836 iste

973 852 1069 899 ignis
1087 851 1255 889 officium
1277 855 1440 897 quatuor
1463 848 1620 895 ignium,
1650 848 1755 883 vide-

971 900 1083 936 licet:
1104 898 1424 946 ignisinfeiuialis,
1440 897 1487 933 ad
1505 897 1753 939 reproborum

971 947 1223 994 punitionem3
1251 945 1349 992 ignis
1370 943 1594 992 purgatorii,
1615 945 1661 979 a=l
1686 944 1753 979 bo-

975 1005 1109 1032 norum
1130 1005 1152 1031 a
1178 993 1388 1030 venialibus
1416 992 1706 1038 poi-„rationem
1730 989 1757 1025 i-

972 1042 1057 1088 gnis
1075 1040 1265 1078 terrestris
1283 1041 1329 1076 a-'i
1346 1038 1614 1087 vegetabilium
1627 1042 1663 1074 et
1676 1048 1756 1074 sen-

974 1089 1139 1126 sibiliuen
1171 1087 1518 1132 consumptionem,
1552 1090 1589 1122 et
1620 1095 1756 1131 corpo-

975 1147 1057 1173 rum
1090 1135 1432 1177 incinerationem;
1471 1137 1508 1169 et
1548 1132 1646 1179 ignis
1680 1133 1755 1168 ele-

975 1183 1170 1227 mentaris,
1192 1183 1240 1218 ad
1273 1182 1549 1218 elementorum
1584 1179 1756 1216 subtilia-

973 1231 1132 1271 tionem,
1161 1233 1198 1266 et
1225 1229 1479 1265 innovationis
1513 1237 1645 1263 eorum
1682 1226 1758 1262 dis-

974 1278 1216 1326 positionem.
1236 1278 1307 1313 Per
1328 1277 1427 1312 hunc
1445 1286 1536 1321 ergo
1559 1274 1688 1320 ignem
1707 1273 1758 1309 ita

974 1325 1090 1363 facies
1126 1329 1239 1361 terrae
1275 1327 1468 1369 exuretur,
1501 1322 1602 1368 quod
1635 1321 1759 1367 figura

975 1373 1088 1420 hujus
1113 1372 1244 1409 mundi
1272 1371 1437 1418 peribit;
1468 1370 1566 1405 sicut
1597 1373 1634 1405 et
1670 1368 1760 1404 olim

976 1432 1041 1467 per
1068 1420 1248 1457 diluvium
1284 1419 1423 1455 factum
1449 1417 1531 1453 fuit.
1557 1418 1599 1452 Et
1627 1418 1762 1452 merito

973 1468 1138 1515 primum
1166 1466 1231 1503 Dei
1251 1465 1437 1513 „iudicium
1468 1463 1538 1500 fuit
1571 1464 1610 1499 in
1648 1474 1760 1509 aqua,

974 1519 1107 1552 contra
1145 1515 1322 1551 ardorem
1354 1511 1528 1556 luxuriae,
1559 1521 1642 1558 quae
1673 1515 1761 1546 tunc

974 1562 1110 1609 viguit;
1133 1562 1306 1599 ultimum
1326 1570 1415 1596 vero
1431 1558 1618 1606 judicium
1630 1560 1703 1594 erit
1721 1558 1759 1593 in

973 1611 1075 1657 igne,
1101 1612 1232 1646 contra
1264 1612 1433 1654 teporem
1470 1605 1654 1650 caritatis,
1676 1615 1759 1651 quae

973 1661 1078 1701 tunc,
1100 1659 1320 1693 senescente
1341 1653 1450 1701 quasi
1475 1653 1632 1699 mundo,
1655 1652 1760 1689 refri-

975 1708 1121 1751 gescet.

1021 1756 1040 1788 5
1065 1754 1316 1789 Rsssnnnncrio
1339 1761 1589 1787 UNIVERSALIS.
1612 1769 1657 1774 —
1681 1749 1760 1792 Quo

973 1800 1086 1845 facto,
1109 1798 1238 1835 statim
1259 1800 1333 1834 erit
1353 1796 1583 1834 resurrectio
1606 1801 1759 1832 mortu-

974 1857 1084 1884 orum
1103 1856 1319 1892 corporum,
1334 1855 1419 1881 cum
1434 1844 1601 1880 adventu
1618 1842 1759 1879 Judicis

976 1893 1250 1941 adjudiciu1n3
1274 1896 1312 1929 et
1343 1897 1434 1929 tunc
1459 1889 1762 1927 inflammabitur

976 1946 1078 1978 totus
1116 1940 1278 1977 mundus
1315 1950 1383 1987 per
1417 1939 1630 1976 circuitum.
1667 1937 1761 1981 Quia

976 1989 1077 2026 enim
1095 1989 1209 2025 homo
1231 1987 1269 2024 in
1289 1987 1417 2024 anima
1431 1991 1655 2031 etcorpore‚
1670 1986 1761 2021 dum

977 2036 1037 2073 hie
1059 2036 1203 2072 viveret
1238 2034 1376 2072 meruit
1415 2039 1452 2070 et
1488 2033 1695 2077 demeruit;
1724 2032 1761 2068 in

978 2083 1105 2121 anima
1120 2083 1231 2120 simul
1251 2088 1289 2119 et
1310 2092 1470 2128 corpore
1486 2080 1681 2128 punietur,
1704 2080 1760 2116 vel

979 2132 1017 2168 in
1043 2137 1203 2177 utroque
1236 2128 1521 2176 praemiabitur;
1543 2132 1580 2164 et
1610 2127 1696 2164 ideo
1726 2128 1762 2162 in

970 2178 1123 2216 *eisdem
1149 2181 1299 2224 oportet
1324 2187 1412 2213 eum
1447 2185 1662 2221 resurgere.
1692 2175 1764 2211 Re—

979 2230 1136 2270 surgent
1161 2228 1288 2261 autem
1316 2234 1448 2260 omnes
1481 2222 1654 2259 homines
1686 2225 1763 2258 tam

979 2273 1070 2311 boni
1098 2282 1212 2320 quam
1238 2271 1342 2315 mali,
1371 2270 1477 2307 nulla
1516 2269 1556 2306 in
1584 2269 1659 2305 illis
1685 2268 1758 2306 exi-

981 2325 1104 2357 stente
1132 2319 1363 2363 differentia,
1387 2321 1574 2364 quantum
1595 2316 1643 2353 ad
1664 2316 1764 2352 ordi·

980 2378 1067 2404 nem
1086 2366 1285 2413 temporis,
1319 2365 1386 2402 sed
1417 2368 1600 2411 quintum
1635 2363 1683 2400 ad
1707 2374 1764 2399 or-

980 2415 1109 2452 dinem
1129 2413 1340 2461 dignitatis.
1372 2412 1520 2449 Etenim
1554 2411 1643 2447 mali
1679 2421 1763 2447 sur-

982 2466 1071 2509 gent
1091 2462 1282 2498 deformes
1302 2464 1338 2497 et
1360 2459 1573 2506 passibiles,
1596 2460 1670 2494 imo
1688 2461 1765 2494 tam

981 2509 1278 2556 ignominiosum
1300 2507 1372 2544 erit
1391 2517 1525 2554 eorpus=
1540 2505 1766 2553 peccatoris,

981 2557 1083 2604 quod
1111 2556 1238 2593 anima
1265 2565 1462 2592 resumens
1488 2553 1615 2601 ipsum
1644 2557 1768 2599 stupe-

983 2605 1037 2642 bit
1058 2603 1210 2651 quando
1228 2603 1323 2640 illud
1343 2602 1498 2646 videbit,
1519 2605 1556 2638 ct
1576 2600 1698 2647 ipsum
1718 2602 1768 2634 vi·
1800 2618 1807 2624 -

983 2653 1074 2689 dere
1095 2650 1331 2695 abhorrebit,
1351 2653 1389 2686 et
1419 2649 1532 2686 vellet
1559 2650 1682 2694 potius
1704 2648 1767 2683 ha-

983 2701 1071 2736 bvre
1095 2699 1170 2735 tale
1193 2709 1330 2743 corpus
1360 2697 1471 2743 quale
1499 2699 1594 2739 erat,
1615 2695 1765 2741 quando

983 2746 1185 2783 dimidium
1205 2749 1413 2782 comestum
1434 2743 1503 2780 fuit
1523 2754 1544 2779 a
1560 2741 1765 2778 vermibus.

985 2796 1024 2830 ln
1063 2793 1174 2830 bonis
1210 2796 1334 2829 autem
1374 2795 1507 2827 natura
1539 2788 1765 2830 servabitur,
