<?xml version="1.0" encoding="UTF-8"?>
<!DOCTYPE html PUBLIC "-//W3C//DTD XHTML 1.0 Transitional//EN"
    "http://www.w3.org/TR/xhtml1/DTD/xhtml1-transitional.dtd">
<html xmlns="http://www.w3.org/1999/xhtml" xml:lang="en" lang="en">
 <head>
  <title>
</title>
<meta http-equiv="Content-Type" content="text/html;charset=utf-8" />
  <meta name='ocr-system' content='tesseract 3.04.00' />
  <meta name='ocr-capabilities' content='ocr_page ocr_carea ocr_par ocr_line ocrx_word'/>
</head>
<body>
  <div class='ocr_page' id='page_1' title='image "./vitajesuchristie04ludouoft/vitajesuchristie04ludouoft_0047.png"; bbox 0 0 1924 3157; ppageno 0'>
   <div class='ocr_carea' id='block_1_1' title="bbox 128 130 1394 246">
    <p class='ocr_par' dir='ltr' id='par_1_1' title="bbox 128 130 1394 246">
     <span class='ocr_line' id='line_1_1' title="bbox 502 130 1394 169; baseline -0.007 -1"><span class='ocrx_word' id='word_1_1' title='bbox 502 136 551 169; x_wconf 74' lang='lat' dir='ltr'><strong>DE</strong></span> <span class='ocrx_word' id='word_1_2' title='bbox 591 133 850 169; x_wconf 59' lang='lat' dir='ltr'><strong>tlt&#39;rtiTirtls-</strong></span> <span class='ocrx_word' id='word_1_3' title='bbox 893 131 934 164; x_wconf 63' lang='grc' dir='ltr'><strong>ΙΝ</strong></span> <span class='ocrx_word' id='word_1_4' title='bbox 975 132 1187 165; x_wconf 65' lang='lat' dir='ltr'><strong>l’ASSlleE</strong></span> <span class='ocrx_word' id='word_1_5' title='bbox 1228 130 1394 165; x_wconf 66' lang='lat' dir='ltr'><strong>nomm.</strong></span> 
     </span>
     <span class='ocr_line' id='line_1_2' title="bbox 128 204 939 246; baseline -0.005 -4"><span class='ocrx_word' id='word_1_6' title='bbox 128 205 273 242; x_wconf 73' lang='lat' dir='ltr'><strong>cniusri</strong></span> <span class='ocrx_word' id='word_1_7' title='bbox 309 216 518 242; x_wconf 68' lang='lat' dir='ltr'><strong>nnsronsto.</strong></span> <span class='ocrx_word' id='word_1_8' title='bbox 538 225 584 232; x_wconf 89' lang='lat'>—</span> <span class='ocrx_word' id='word_1_9' title='bbox 606 204 744 241; x_wconf 88' lang='lat' dir='ltr'><strong>Videns</strong></span> <span class='ocrx_word' id='word_1_10' title='bbox 780 206 905 240; x_wconf 90' lang='lat' dir='ltr'><strong>autem</strong></span> <span class='ocrx_word' id='word_1_11' title='bbox 937 216 939 246; x_wconf 68' lang='lat'>1</span> 
     </span>
    </p>
   </div>
   <div class='ocr_carea' id='block_1_2' title="bbox 125 250 909 724">
    <p class='ocr_par' dir='ltr' id='par_1_2' title="bbox 125 250 909 724">
     <span class='ocr_line' id='line_1_3' title="bbox 127 250 906 304; baseline -0.008 -13"><span class='ocrx_word' id='word_1_12' title='bbox 127 252 286 300; x_wconf 87' lang='lat' dir='ltr'><strong>Caiphas</strong></span> <span class='ocrx_word' id='word_1_13' title='bbox 296 253 468 300; x_wconf 67' lang='lat' dir='ltr'><strong>princeps</strong></span> <span class='ocrx_word' id='word_1_14' title='bbox 480 253 732 295; x_wconf 71' lang='lat' dir='ltr'>sacerdotum,</span> <span class='ocrx_word' id='word_1_15' title='bbox 741 250 840 304; x_wconf 86' lang='lat' dir='ltr'><strong>quod</strong></span> <span class='ocrx_word' id='word_1_16' title='bbox 849 251 906 286; x_wconf 87' lang='lat' dir='ltr'><strong>Je-</strong></span> 
     </span>
     <span class='ocr_line' id='line_1_4' title="bbox 127 299 904 347; baseline -0.005 -10"><span class='ocrx_word' id='word_1_17' title='bbox 127 310 190 338; x_wconf 86' lang='lat' dir='ltr'><strong>sus</strong></span> <span class='ocrx_word' id='word_1_18' title='bbox 212 302 372 345; x_wconf 82' lang='lat' dir='ltr'><strong>tacebat,</strong></span> <span class='ocrx_word' id='word_1_19' title='bbox 393 305 429 337; x_wconf 91' lang='lat' dir='ltr'><strong>et</strong></span> <span class='ocrx_word' id='word_1_20' title='bbox 454 301 554 347; x_wconf 82' lang='lat' dir='ltr'><strong>quod</strong></span> <span class='ocrx_word' id='word_1_21' title='bbox 575 299 793 337; x_wconf 86' lang='lat' dir='ltr'><strong>testimonia</strong></span> <span class='ocrx_word' id='word_1_22' title='bbox 812 308 904 334; x_wconf 88' lang='lat' dir='ltr'><strong>con-</strong></span> 
     </span>
     <span class='ocr_line' id='line_1_5' title="bbox 125 345 906 396; baseline -0.005 -12"><span class='ocrx_word' id='word_1_23' title='bbox 125 350 185 384; x_wconf 88' lang='lat' dir='ltr'><strong>tra</strong></span> <span class='ocrx_word' id='word_1_24' title='bbox 206 349 327 394; x_wconf 89' lang='lat' dir='ltr'><strong>ipsum</strong></span> <span class='ocrx_word' id='word_1_25' title='bbox 349 348 532 396; x_wconf 79' lang='lat' dir='ltr'><strong>producta</strong></span> <span class='ocrx_word' id='word_1_26' title='bbox 552 349 598 384; x_wconf 90' lang='lat' dir='ltr'><strong>ad</strong></span> <span class='ocrx_word' id='word_1_27' title='bbox 621 348 702 393; x_wconf 85' lang='lat' dir='ltr'><strong>ejus</strong></span> <span class='ocrx_word' id='word_1_28' title='bbox 727 345 906 382; x_wconf 87' lang='lat' dir='ltr'><strong>condem-</strong></span> 
     </span>
     <span class='ocr_line' id='line_1_6' title="bbox 127 393 908 440; baseline -0.005 -8"><span class='ocrx_word' id='word_1_29' title='bbox 127 394 319 432; x_wconf 82' lang='lat' dir='ltr'><strong>nationem</strong></span> <span class='ocrx_word' id='word_1_30' title='bbox 337 407 414 432; x_wconf 89' lang='lat' dir='ltr'><strong>non</strong></span> <span class='ocrx_word' id='word_1_31' title='bbox 436 395 689 437; x_wconf 83' lang='lat' dir='ltr'><strong>sufficiebant,</strong></span> <span class='ocrx_word' id='word_1_32' title='bbox 708 393 908 440; x_wconf 83' lang='lat' dir='ltr'><strong>perturba·</strong></span> 
     </span>
     <span class='ocr_line' id='line_1_7' title="bbox 125 440 906 490; baseline -0.005 -12"><span class='ocrx_word' id='word_1_33' title='bbox 125 445 186 479; x_wconf 87' lang='lat' dir='ltr'><strong>tus</strong></span> <span class='ocrx_word' id='word_1_34' title='bbox 207 446 275 483; x_wconf 80' lang='lat' dir='ltr'><strong>est,</strong></span> <span class='ocrx_word' id='word_1_35' title='bbox 314 445 401 490; x_wconf 79' lang='lat' dir='ltr'><strong>quia</strong></span> <span class='ocrx_word' id='word_1_36' title='bbox 437 454 511 479; x_wconf 89' lang='lat' dir='ltr'><strong>non</strong></span> <span class='ocrx_word' id='word_1_37' title='bbox 541 440 759 478; x_wconf 88' lang='lat' dir='ltr'><strong>inveniebat</strong></span> <span class='ocrx_word' id='word_1_38' title='bbox 780 440 906 476; x_wconf 89' lang='lat' dir='ltr'><strong>locum</strong></span> 
     </span>
     <span class='ocr_line' id='line_1_8' title="bbox 127 487 907 537; baseline -0.005 -11"><span class='ocrx_word' id='word_1_39' title='bbox 127 490 340 534; x_wconf 82' lang='lat' dir='ltr'><strong>calumniae‚</strong></span> <span class='ocrx_word' id='word_1_40' title='bbox 356 495 391 527; x_wconf 94' lang='lat' dir='ltr'><strong>et</strong></span> <span class='ocrx_word' id='word_1_41' title='bbox 404 490 502 526; x_wconf 91' lang='lat' dir='ltr'><strong>unde</strong></span> <span class='ocrx_word' id='word_1_42' title='bbox 519 492 645 537; x_wconf 84' lang='lat' dir='ltr'><strong>posset</strong></span> <span class='ocrx_word' id='word_1_43' title='bbox 662 490 792 525; x_wconf 70' lang='lat' dir='ltr'><strong>,lesum</strong></span> <span class='ocrx_word' id='word_1_44' title='bbox 807 487 907 533; x_wconf 87' lang='lat' dir='ltr'><strong>juste</strong></span> 
     </span>
     <span class='ocr_line' id='line_1_9' title="bbox 126 537 909 579; baseline -0.005 -6"><span class='ocrx_word' id='word_1_45' title='bbox 126 537 392 579; x_wconf 83' lang='lat' dir='ltr'><strong>condemnare,</strong></span> <span class='ocrx_word' id='word_1_46' title='bbox 415 541 448 574; x_wconf 80' lang='lat' dir='ltr'><strong>et</strong></span> <span class='ocrx_word' id='word_1_47' title='bbox 474 537 528 573; x_wconf 87' lang='lat' dir='ltr'><strong>sic</strong></span> <span class='ocrx_word' id='word_1_48' title='bbox 547 537 604 572; x_wconf 88' lang='lat' dir='ltr'><strong>ira</strong></span> <span class='ocrx_word' id='word_1_49' title='bbox 622 539 846 579; x_wconf 90' lang='lat' dir='ltr'><strong>commotus,</strong></span> <span class='ocrx_word' id='word_1_50' title='bbox 870 538 909 570; x_wconf 90' lang='lat' dir='ltr'><strong>et</strong></span> 
     </span>
     <span class='ocr_line' id='line_1_10' title="bbox 126 584 907 630; baseline -0.004 -10"><span class='ocrx_word' id='word_1_51' title='bbox 126 586 277 622; x_wconf 82' lang='lat' dir='ltr'>vesania</span> <span class='ocrx_word' id='word_1_52' title='bbox 297 587 433 622; x_wconf 89' lang='lat' dir='ltr'><strong>mentis</strong></span> <span class='ocrx_word' id='word_1_53' title='bbox 452 584 628 630; x_wconf 86' lang='lat' dir='ltr'><strong>agitatus,</strong></span> <span class='ocrx_word' id='word_1_54' title='bbox 651 593 849 625; x_wconf 71' lang='lat' dir='ltr'><strong>eaesuryens</strong></span> <span class='ocrx_word' id='word_1_55' title='bbox 864 592 907 618; x_wconf 82' lang='lat' dir='ltr'><strong>ex</strong></span> 
     </span>
     <span class='ocr_line' id='line_1_11' title="bbox 125 629 906 679; baseline -0.005 -11"><span class='ocrx_word' id='word_1_56' title='bbox 125 631 374 679; x_wconf 72' lang='lat' dir='ltr'><strong>impatientia,</strong></span> <span class='ocrx_word' id='word_1_57' title='bbox 395 635 434 668; x_wconf 89' lang='lat' dir='ltr'><strong>in</strong></span> <span class='ocrx_word' id='word_1_58' title='bbox 459 633 633 673; x_wconf 76' lang='lat' dir='ltr'><strong>medium,</strong></span> <span class='ocrx_word' id='word_1_59' title='bbox 658 630 703 666; x_wconf 93' lang='lat' dir='ltr'><strong>de</strong></span> <span class='ocrx_word' id='word_1_60' title='bbox 725 629 819 666; x_wconf 90' lang='lat' dir='ltr'><strong>solio</strong></span> <span class='ocrx_word' id='word_1_61' title='bbox 844 639 906 665; x_wconf 87' lang='lat' dir='ltr'><strong>sa-</strong></span> 
     </span>
     <span class='ocr_line' id='line_1_12' title="bbox 126 677 907 724; baseline -0.005 -8"><span class='ocrx_word' id='word_1_62' title='bbox 126 679 320 724; x_wconf 87' lang='lat' dir='ltr'><strong>cerdotali,</strong></span> <span class='ocrx_word' id='word_1_63' title='bbox 341 682 394 716; x_wconf 78' lang='lat' dir='ltr'><strong>ait</strong></span> <span class='ocrx_word' id='word_1_64' title='bbox 409 681 469 715; x_wconf 73' lang='lat' dir='ltr'><strong>illi</strong></span> <span class='ocrx_word' id='word_1_65' title='bbox 490 692 500 715; x_wconf 89' lang='lat'>:</span> <span class='ocrx_word' id='word_1_66' title='bbox 522 680 625 717; x_wconf 79' lang='lat' dir='ltr'><strong>Nihil</strong></span> <span class='ocrx_word' id='word_1_67' title='bbox 643 677 837 721; x_wconf 79' lang='lat' dir='ltr'><em>respondes</em></span> <span class='ocrx_word' id='word_1_68' title='bbox 857 677 907 712; x_wconf 81' lang='lat' dir='ltr'><strong>ad</strong></span> 
     </span>
    </p>
   </div>
   <div class='ocr_carea' id='block_1_3' title="bbox 125 726 1761 816">
    <p class='ocr_par' dir='ltr' id='par_1_3' title="bbox 125 726 1761 816">
     <span class='ocr_line' id='line_1_13' title="bbox 125 726 939 773; baseline -0.005 -10"><span class='ocrx_word' id='word_1_69' title='bbox 125 737 179 764; x_wconf 85' lang='lat' dir='ltr'><strong>ea.</strong></span> <span class='ocrx_word' id='word_1_70' title='bbox 203 738 283 773; x_wconf 81' lang='lat' dir='ltr'><strong>quae</strong></span> <span class='ocrx_word' id='word_1_71' title='bbox 306 729 370 762; x_wconf 76' lang='lat' dir='ltr'><strong>isti</strong></span> <span class='ocrx_word' id='word_1_72' title='bbox 390 727 564 762; x_wconf 79' lang='lat' dir='ltr'><strong>adversus</strong></span> <span class='ocrx_word' id='word_1_73' title='bbox 583 730 617 762; x_wconf 81' lang='lat' dir='ltr'><strong>te</strong></span> <span class='ocrx_word' id='word_1_74' title='bbox 637 726 904 770; x_wconf 77' lang='lat' dir='ltr'><strong>testificantur?</strong></span> <span class='ocrx_word' id='word_1_75' title='bbox 938 759 939 763; x_wconf 67' lang='grc'>,</span> 
     </span>
     <span class='ocr_line' id='line_1_14' title="bbox 938 766 1761 816; baseline -0.005 -9"><span class='ocrx_word' id='word_1_76' title='bbox 938 772 939 777; x_wconf 78' lang='grc'>’</span> <span class='ocrx_word' id='word_1_77' title='bbox 980 774 1055 807; x_wconf 88' lang='lat' dir='ltr'><strong>tem</strong></span> <span class='ocrx_word' id='word_1_78' title='bbox 1077 770 1308 816; x_wconf 77' lang='lat' dir='ltr'><strong>sempiterna</strong></span> <span class='ocrx_word' id='word_1_79' title='bbox 1334 771 1371 805; x_wconf 91' lang='lat' dir='ltr'><strong>et</strong></span> <span class='ocrx_word' id='word_1_80' title='bbox 1400 767 1535 803; x_wconf 77' lang='lat' dir='ltr'><strong>virtuti:</strong></span> <span class='ocrx_word' id='word_1_81' title='bbox 1563 766 1703 811; x_wconf 82' lang='lat' dir='ltr'><strong>diviua,</strong></span> <span class='ocrx_word' id='word_1_82' title='bbox 1728 770 1761 803; x_wconf 78' lang='lat' dir='ltr'><strong>ct</strong></span> 
     </span>
    </p>
   </div>
   <div class='ocr_carea' id='block_1_4' title="bbox 126 771 904 822">
    <p class='ocr_par' dir='ltr' id='par_1_4' title="bbox 126 771 904 822">
     <span class='ocr_line' id='line_1_15' title="bbox 126 771 904 822; baseline -0.005 -12"><span class='ocrx_word' id='word_1_83' title='bbox 126 775 225 810; x_wconf 88' lang='lat' dir='ltr'><strong>Motu</strong></span> <span class='ocrx_word' id='word_1_84' title='bbox 253 774 422 822; x_wconf 89' lang='lat' dir='ltr'><strong>corporis</strong></span> <span class='ocrx_word' id='word_1_85' title='bbox 451 773 637 810; x_wconf 86' lang='lat' dir='ltr'><strong>insaniam</strong></span> <span class='ocrx_word' id='word_1_86' title='bbox 666 771 798 809; x_wconf 84' lang='lat' dir='ltr'><strong>inentis</strong></span> <span class='ocrx_word' id='word_1_87' title='bbox 832 771 904 808; x_wconf 79' lang='lat' dir='ltr'><strong>dc-</strong></span> 
     </span>
    </p>
   </div>
   <div class='ocr_carea' id='block_1_5' title="bbox 126 818 939 868">
    <p class='ocr_par' dir='ltr' id='par_1_5' title="bbox 126 818 939 868">
     <span class='ocr_line' id='line_1_16' title="bbox 126 818 939 868; baseline -0.004 -10"><span class='ocrx_word' id='word_1_88' title='bbox 126 825 324 867; x_wconf 81' lang='lat' dir='ltr'><strong>monstrat,</strong></span> <span class='ocrx_word' id='word_1_89' title='bbox 346 832 430 858; x_wconf 90' lang='lat' dir='ltr'><strong>cum</strong></span> <span class='ocrx_word' id='word_1_90' title='bbox 450 820 698 868; x_wconf 80' lang='lat' dir='ltr'><strong>temperantia</strong></span> <span class='ocrx_word' id='word_1_91' title='bbox 721 825 758 856; x_wconf 93' lang='lat' dir='ltr'><strong>et</strong></span> <span class='ocrx_word' id='word_1_92' title='bbox 784 818 905 864; x_wconf 63' lang='lat' dir='ltr'><strong>gravi-</strong></span> <span class='ocrx_word' id='word_1_93' title='bbox 938 847 939 859; x_wconf 40' lang='lat' dir='ltr'><strong>i</strong></span> 
     </span>
    </p>
   </div>
   <div class='ocr_carea' id='block_1_6' title="bbox 126 866 905 915">
    <p class='ocr_par' dir='ltr' id='par_1_6' title="bbox 126 866 905 915">
     <span class='ocr_line' id='line_1_17' title="bbox 126 866 905 915; baseline -0.005 -9"><span class='ocrx_word' id='word_1_94' title='bbox 126 872 184 906; x_wconf 85' lang='lat' dir='ltr'><strong>tas</strong></span> <span class='ocrx_word' id='word_1_95' title='bbox 207 870 243 906; x_wconf 91' lang='lat' dir='ltr'><strong>in</strong></span> <span class='ocrx_word' id='word_1_96' title='bbox 268 870 395 915; x_wconf 90' lang='lat' dir='ltr'><strong>verbo,</strong></span> <span class='ocrx_word' id='word_1_97' title='bbox 420 880 533 913; x_wconf 81' lang='lat' dir='ltr'><strong>opere</strong></span> <span class='ocrx_word' id='word_1_98' title='bbox 554 872 592 905; x_wconf 89' lang='lat' dir='ltr'><strong>et</strong></span> <span class='ocrx_word' id='word_1_99' title='bbox 612 873 719 915; x_wconf 86' lang='lat' dir='ltr'><strong>gestu</strong></span> <span class='ocrx_word' id='word_1_100' title='bbox 738 866 905 913; x_wconf 84' lang='lat' dir='ltr'><strong>judicem</strong></span> 
     </span>
    </p>
   </div>
   <div class='ocr_carea' id='block_1_7' title="bbox 126 915 939 964">
    <p class='ocr_par' dir='ltr' id='par_1_7' title="bbox 126 915 939 964">
     <span class='ocr_line' id='line_1_18' title="bbox 126 915 939 964; baseline -0.004 -11"><span class='ocrx_word' id='word_1_101' title='bbox 126 921 164 953; x_wconf 90' lang='lat' dir='ltr'><strong>et</strong></span> <span class='ocrx_word' id='word_1_102' title='bbox 196 917 394 964; x_wconf 86' lang='lat' dir='ltr'><strong>praelatum</strong></span> <span class='ocrx_word' id='word_1_103' title='bbox 427 917 570 954; x_wconf 89' lang='lat' dir='ltr'><strong>deceat.</strong></span> <span class='ocrx_word' id='word_1_104' title='bbox 598 915 810 953; x_wconf 85' lang='lat' dir='ltr'><strong>Secundum</strong></span> <span class='ocrx_word' id='word_1_105' title='bbox 832 917 904 950; x_wconf 82' lang='lat' dir='ltr'><strong>Be-</strong></span> <span class='ocrx_word' id='word_1_106' title='bbox 938 956 939 963; x_wconf 12' lang='grc' dir='ltr'>χ</span> 
     </span>
    </p>
   </div>
   <div class='ocr_carea' id='block_1_8' title="bbox 125 964 904 1011">
    <p class='ocr_par' dir='ltr' id='par_1_8' title="bbox 125 964 904 1011">
     <span class='ocr_line' id='line_1_19' title="bbox 125 964 904 1011; baseline -0.003 -11"><span class='ocrx_word' id='word_1_107' title='bbox 125 964 226 1009; x_wconf 83' lang='lat' dir='ltr'><strong>dam,</strong></span> <span class='ocrx_word' id='word_1_108' title='bbox 248 966 296 1001; x_wconf 93' lang='lat' dir='ltr'><strong>ad</strong></span> <span class='ocrx_word' id='word_1_109' title='bbox 322 975 543 1011; x_wconf 78' lang='lat' dir='ltr'><strong>resp-insum</strong></span> <span class='ocrx_word' id='word_1_110' title='bbox 571 967 763 1011; x_wconf 88' lang='lat' dir='ltr'><strong>provocat,</strong></span> <span class='ocrx_word' id='word_1_111' title='bbox 790 965 829 999; x_wconf 88' lang='lat' dir='ltr'><strong>ut</strong></span> <span class='ocrx_word' id='word_1_112' title='bbox 861 973 904 998; x_wconf 89' lang='lat' dir='ltr'><strong>ex</strong></span> 
     </span>
    </p>
   </div>
   <div class='ocr_carea' id='block_1_9' title="bbox 124 1009 939 1103">
    <p class='ocr_par' dir='ltr' id='par_1_9' title="bbox 124 1009 939 1103">
     <span class='ocr_line' id='line_1_20' title="bbox 125 1009 939 1051; baseline -0.004 -3"><span class='ocrx_word' id='word_1_113' title='bbox 125 1013 324 1048; x_wconf 81' lang='lat' dir='ltr'><strong>occasione</strong></span> <span class='ocrx_word' id='word_1_114' title='bbox 347 1014 534 1048; x_wconf 88' lang='lat' dir='ltr'><strong>sermonis</strong></span> <span class='ocrx_word' id='word_1_115' title='bbox 555 1012 678 1048; x_wconf 78' lang='lat' dir='ltr'><strong>locum</strong></span> <span class='ocrx_word' id='word_1_116' title='bbox 703 1009 903 1047; x_wconf 79' lang='lat' dir='ltr'><strong>accusandi</strong></span> <span class='ocrx_word' id='word_1_117' title='bbox 937 1046 939 1051; x_wconf 24' lang='lat' dir='ltr'><strong>f</strong></span> 
     </span>
     <span class='ocr_line' id='line_1_21' title="bbox 124 1057 939 1103; baseline -0.005 -7"><span class='ocrx_word' id='word_1_118' title='bbox 124 1059 305 1096; x_wconf 84' lang='lat' dir='ltr'><strong>inveniat.</strong></span> <span class='ocrx_word' id='word_1_119' title='bbox 322 1062 424 1096; x_wconf 83' lang='lat' dir='ltr'><strong>Jesus</strong></span> <span class='ocrx_word' id='word_1_120' title='bbox 441 1064 561 1096; x_wconf 75' lang='lat' dir='ltr'><strong>autem</strong></span> <span class='ocrx_word' id='word_1_121' title='bbox 583 1059 736 1099; x_wconf 78' lang='lat' dir='ltr'><strong>tacebat.</strong></span> <span class='ocrx_word' id='word_1_122' title='bbox 755 1063 791 1094; x_wconf 87' lang='lat' dir='ltr'><strong>et</strong></span> <span class='ocrx_word' id='word_1_123' title='bbox 811 1057 903 1103; x_wconf 70' lang='lat' dir='ltr'><strong>nihil</strong></span> <span class='ocrx_word' id='word_1_124' title='bbox 937 1057 939 1092; x_wconf 77' lang='grc' dir='ltr'>Ξ</span> 
     </span>
    </p>
   </div>
   <div class='ocr_carea' id='block_1_10' title="bbox 119 1105 904 1822">
    <p class='ocr_par' dir='ltr' id='par_1_10' title="bbox 119 1105 904 1822">
     <span class='ocr_line' id='line_1_22' title="bbox 123 1105 904 1154; baseline -0.004 -10"><span class='ocrx_word' id='word_1_125' title='bbox 123 1107 320 1154; x_wconf 87' lang='lat' dir='ltr'><strong>respondit</strong></span> <span class='ocrx_word' id='word_1_126' title='bbox 334 1111 374 1144; x_wconf 90' lang='lat' dir='ltr'><strong>ut</strong></span> <span class='ocrx_word' id='word_1_127' title='bbox 388 1107 628 1144; x_wconf 79' lang='lat' dir='ltr'><strong>ostenderet:</strong></span> <span class='ocrx_word' id='word_1_128' title='bbox 647 1105 780 1152; x_wconf 73' lang='lat' dir='ltr'><strong>primo,</strong></span> <span class='ocrx_word' id='word_1_129' title='bbox 797 1114 904 1141; x_wconf 84' lang='lat' dir='ltr'><strong>suain</strong></span> 
     </span>
     <span class='ocr_line' id='line_1_23' title="bbox 119 1153 904 1202; baseline -0.004 -11"><span class='ocrx_word' id='word_1_130' title='bbox 119 1154 320 1202; x_wconf 88' lang='lat' dir='ltr'><strong>justitiam,</strong></span> <span class='ocrx_word' id='word_1_131' title='bbox 338 1156 426 1201; x_wconf 88' lang='lat' dir='ltr'><strong>quia</strong></span> <span class='ocrx_word' id='word_1_132' title='bbox 447 1159 483 1191; x_wconf 90' lang='lat' dir='ltr'><strong>et</strong></span> <span class='ocrx_word' id='word_1_133' title='bbox 500 1154 551 1190; x_wconf 91' lang='lat' dir='ltr'><strong>illi</strong></span> <span class='ocrx_word' id='word_1_134' title='bbox 568 1153 712 1200; x_wconf 83' lang='lat' dir='ltr'><strong>indigni</strong></span> <span class='ocrx_word' id='word_1_135' title='bbox 730 1156 850 1196; x_wconf 86' lang='lat' dir='ltr'><strong>erant,</strong></span> <span class='ocrx_word' id='word_1_136' title='bbox 866 1155 904 1188; x_wconf 86' lang='lat' dir='ltr'><strong>ct</strong></span> 
     </span>
     <span class='ocr_line' id='line_1_24' title="bbox 123 1201 902 1249; baseline -0.005 -10"><span class='ocrx_word' id='word_1_137' title='bbox 123 1213 169 1239; x_wconf 87' lang='lat' dir='ltr'><strong>ea</strong></span> <span class='ocrx_word' id='word_1_138' title='bbox 182 1213 266 1249; x_wconf 86' lang='lat' dir='ltr'><strong>quae</strong></span> <span class='ocrx_word' id='word_1_139' title='bbox 283 1207 413 1239; x_wconf 80' lang='lat' dir='ltr'><strong>contra</strong></span> <span class='ocrx_word' id='word_1_140' title='bbox 426 1202 549 1249; x_wconf 87' lang='lat' dir='ltr'><strong>ipsum</strong></span> <span class='ocrx_word' id='word_1_141' title='bbox 561 1201 784 1238; x_wconf 72' lang='lat' dir='ltr'><strong>dicebantur</strong></span> <span class='ocrx_word' id='word_1_142' title='bbox 795 1202 902 1236; x_wconf 86' lang='lat' dir='ltr'><strong>erant</strong></span> 
     </span>
     <span class='ocr_line' id='line_1_25' title="bbox 124 1248 903 1297; baseline -0.005 -10"><span class='ocrx_word' id='word_1_143' title='bbox 124 1249 231 1295; x_wconf 84' lang='lat' dir='ltr'><strong>falsa,</strong></span> <span class='ocrx_word' id='word_1_144' title='bbox 253 1253 367 1297; x_wconf 85' lang='lat' dir='ltr'><strong>atque</strong></span> <span class='ocrx_word' id='word_1_145' title='bbox 387 1249 634 1297; x_wconf 81' lang='lat' dir='ltr'><strong>responsione</strong></span> <span class='ocrx_word' id='word_1_146' title='bbox 651 1248 828 1295; x_wconf 82' lang='lat' dir='ltr'><strong>indigna3</strong></span> <span class='ocrx_word' id='word_1_147' title='bbox 848 1258 903 1283; x_wconf 88' lang='lat' dir='ltr'><strong>se-</strong></span> 
     </span>
     <span class='ocr_line' id='line_1_26' title="bbox 124 1294 901 1343; baseline -0.005 -9"><span class='ocrx_word' id='word_1_148' title='bbox 124 1298 262 1343; x_wconf 89' lang='lat' dir='ltr'><strong>cundo,</strong></span> <span class='ocrx_word' id='word_1_149' title='bbox 295 1308 402 1334; x_wconf 86' lang='lat' dir='ltr'><strong>suam</strong></span> <span class='ocrx_word' id='word_1_150' title='bbox 435 1297 749 1340; x_wconf 86' lang='lat' dir='ltr'><strong>misericordiam,</strong></span> <span class='ocrx_word' id='word_1_151' title='bbox 771 1306 817 1332; x_wconf 88' lang='lat' dir='ltr'><strong>ne</strong></span> <span class='ocrx_word' id='word_1_152' title='bbox 848 1294 901 1331; x_wconf 87' lang='lat' dir='ltr'><strong>illi</strong></span> 
     </span>
     <span class='ocr_line' id='line_1_27' title="bbox 123 1343 901 1392; baseline -0.005 -10"><span class='ocrx_word' id='word_1_153' title='bbox 123 1345 285 1392; x_wconf 88' lang='lat' dir='ltr'><strong>amplius</strong></span> <span class='ocrx_word' id='word_1_154' title='bbox 305 1351 518 1392; x_wconf 85' lang='lat' dir='ltr'><strong>peccarent,</strong></span> <span class='ocrx_word' id='word_1_155' title='bbox 541 1344 572 1381; x_wconf 91' lang='lat' dir='ltr'><strong>si</strong></span> <span class='ocrx_word' id='word_1_156' title='bbox 595 1347 631 1381; x_wconf 90' lang='lat' dir='ltr'><strong>in</strong></span> <span class='ocrx_word' id='word_1_157' title='bbox 653 1343 797 1381; x_wconf 83' lang='lat' dir='ltr'><strong>malitia</strong></span> <span class='ocrx_word' id='word_1_158' title='bbox 816 1353 901 1388; x_wconf 79' lang='lat' dir='ltr'><strong>pcr-</strong></span> 
     </span>
     <span class='ocr_line' id='line_1_28' title="bbox 123 1392 899 1438; baseline -0.006 -8"><span class='ocrx_word' id='word_1_159' title='bbox 123 1393 325 1438; x_wconf 88' lang='lat' dir='ltr'><strong>durarent;</strong></span> <span class='ocrx_word' id='word_1_160' title='bbox 360 1395 486 1437; x_wconf 88' lang='lat' dir='ltr'><strong>tertio,</strong></span> <span class='ocrx_word' id='word_1_161' title='bbox 514 1403 622 1429; x_wconf 88' lang='lat' dir='ltr'><strong>suam</strong></span> <span class='ocrx_word' id='word_1_162' title='bbox 660 1392 899 1438; x_wconf 85' lang='lat' dir='ltr'><strong>sapientiam,</strong></span> 
     </span>
     <span class='ocr_line' id='line_1_29' title="bbox 124 1438 902 1488; baseline -0.005 -11"><span class='ocrx_word' id='word_1_163' title='bbox 124 1440 642 1488; x_wconf 79' lang='lat' dir='ltr'><strong>quiasciebat,utDeus,quoil</strong></span> <span class='ocrx_word' id='word_1_164' title='bbox 656 1438 836 1485; x_wconf 77' lang='lat' dir='ltr'><strong>quidquid</strong></span> <span class='ocrx_word' id='word_1_165' title='bbox 849 1449 902 1474; x_wconf 87' lang='lat' dir='ltr'><strong>re-</strong></span> 
     </span>
     <span class='ocr_line' id='line_1_30' title="bbox 125 1485 899 1535; baseline -0.005 -10"><span class='ocrx_word' id='word_1_166' title='bbox 125 1488 352 1535; x_wconf 89' lang='lat' dir='ltr'><strong>spondisset,</strong></span> <span class='ocrx_word' id='word_1_167' title='bbox 377 1490 575 1525; x_wconf 76' lang='lat' dir='ltr'><strong>traxissent</strong></span> <span class='ocrx_word' id='word_1_168' title='bbox 596 1490 634 1523; x_wconf 86' lang='lat' dir='ltr'><strong>in</strong></span> <span class='ocrx_word' id='word_1_169' title='bbox 656 1485 899 1531; x_wconf 84' lang='lat' dir='ltr'><strong>calumniam,</strong></span> 
     </span>
     <span class='ocr_line' id='line_1_31' title="bbox 125 1534 901 1582; baseline -0.006 -9"><span class='ocrx_word' id='word_1_170' title='bbox 125 1539 164 1573; x_wconf 87' lang='lat' dir='ltr'><strong>et</strong></span> <span class='ocrx_word' id='word_1_171' title='bbox 186 1536 382 1582; x_wconf 82' lang='lat' dir='ltr'><strong>responsio</strong></span> <span class='ocrx_word' id='word_1_172' title='bbox 409 1535 671 1578; x_wconf 85' lang='lat' dir='ltr'><strong>excusationis,</strong></span> <span class='ocrx_word' id='word_1_173' title='bbox 700 1534 801 1570; x_wconf 88' lang='lat' dir='ltr'><strong>nullo</strong></span> <span class='ocrx_word' id='word_1_174' title='bbox 833 1544 901 1569; x_wconf 84' lang='lat' dir='ltr'><strong>au-</strong></span> 
     </span>
     <span class='ocr_line' id='line_1_32' title="bbox 124 1583 901 1628; baseline -0.004 -8"><span class='ocrx_word' id='word_1_175' title='bbox 124 1583 265 1628; x_wconf 90' lang='lat' dir='ltr'><strong>diente,</strong></span> <span class='ocrx_word' id='word_1_176' title='bbox 288 1583 601 1626; x_wconf 85' lang='lat' dir='ltr'><strong>fuisset.inutilis;</strong></span> <span class='ocrx_word' id='word_1_177' title='bbox 625 1585 772 1628; x_wconf 84' lang='lat' dir='ltr'><strong>quarto,</strong></span> <span class='ocrx_word' id='word_1_178' title='bbox 793 1591 901 1617; x_wconf 85' lang='lat' dir='ltr'><strong>suam</strong></span> 
     </span>
     <span class='ocr_line' id='line_1_33' title="bbox 125 1630 899 1678; baseline -0.006 -10"><span class='ocrx_word' id='word_1_179' title='bbox 125 1631 358 1678; x_wconf 86' lang='lat' dir='ltr'><strong>patientiam,</strong></span> <span class='ocrx_word' id='word_1_180' title='bbox 376 1636 416 1668; x_wconf 92' lang='lat' dir='ltr'><strong>ut</strong></span> <span class='ocrx_word' id='word_1_181' title='bbox 441 1631 654 1676; x_wconf 85' lang='lat' dir='ltr'><strong>exemplum</strong></span> <span class='ocrx_word' id='word_1_182' title='bbox 678 1630 786 1666; x_wconf 88' lang='lat' dir='ltr'><strong>daret</strong></span> <span class='ocrx_word' id='word_1_183' title='bbox 806 1639 899 1664; x_wconf 88' lang='lat' dir='ltr'><strong>con-</strong></span> 
     </span>
     <span class='ocr_line' id='line_1_34' title="bbox 124 1678 899 1720; baseline -0.004 -5"><span class='ocrx_word' id='word_1_184' title='bbox 124 1683 294 1716; x_wconf 88' lang='lat' dir='ltr'><strong>temnere</strong></span> <span class='ocrx_word' id='word_1_185' title='bbox 315 1678 627 1715; x_wconf 87' lang='lat' dir='ltr'><strong>calumniantiiim</strong></span> <span class='ocrx_word' id='word_1_186' title='bbox 646 1687 769 1719; x_wconf 82' lang='lat' dir='ltr'><strong>voces,</strong></span> <span class='ocrx_word' id='word_1_187' title='bbox 784 1680 820 1711; x_wconf 90' lang='lat' dir='ltr'><strong>et</strong></span> <span class='ocrx_word' id='word_1_188' title='bbox 840 1686 899 1720; x_wconf 84' lang='lat' dir='ltr'><strong>po-</strong></span> 
     </span>
     <span class='ocr_line' id='line_1_35' title="bbox 125 1723 899 1772; baseline -0.006 -9"><span class='ocrx_word' id='word_1_189' title='bbox 125 1726 198 1764; x_wconf 78' lang='lat' dir='ltr'><strong>tius</strong></span> <span class='ocrx_word' id='word_1_190' title='bbox 218 1726 366 1763; x_wconf 87' lang='lat' dir='ltr'><strong>fortiter</strong></span> <span class='ocrx_word' id='word_1_191' title='bbox 385 1725 510 1770; x_wconf 74' lang='lat' dir='ltr'><strong>silere,</strong></span> <span class='ocrx_word' id='word_1_192' title='bbox 531 1736 644 1772; x_wconf 83' lang='lat' dir='ltr'><strong>quarn</strong></span> <span class='ocrx_word' id='word_1_193' title='bbox 662 1735 701 1761; x_wconf 89' lang='lat' dir='ltr'><strong>se</strong></span> <span class='ocrx_word' id='word_1_194' title='bbox 722 1723 804 1760; x_wconf 85' lang='lat' dir='ltr'><strong>sine</strong></span> <span class='ocrx_word' id='word_1_195' title='bbox 822 1723 899 1759; x_wconf 90' lang='lat' dir='ltr'><strong>ullo</strong></span> 
     </span>
     <span class='ocr_line' id='line_1_36' title="bbox 122 1771 899 1822; baseline -0.006 -11"><span class='ocrx_word' id='word_1_196' title='bbox 122 1774 291 1822; x_wconf 89' lang='lat' dir='ltr'><strong>profectu</strong></span> <span class='ocrx_word' id='word_1_197' title='bbox 308 1773 526 1811; x_wconf 84' lang='lat' dir='ltr'><strong>defendere.</strong></span> <span class='ocrx_word' id='word_1_198' title='bbox 547 1773 642 1809; x_wconf 88' lang='lat' dir='ltr'><strong>Hinc</strong></span> <span class='ocrx_word' id='word_1_199' title='bbox 671 1771 899 1817; x_wconf 80' lang='lat' dir='ltr'><strong>colligimus,</strong></span> 
     </span>
    </p>
   </div>
   <div class='ocr_carea' id='block_1_11' title="bbox 121 1820 935 1962">
    <p class='ocr_par' dir='ltr' id='par_1_11' title="bbox 121 1820 935 1962">
     <span class='ocr_line' id='line_1_37' title="bbox 121 1820 935 1869; baseline -0.005 -10"><span class='ocrx_word' id='word_1_200' title='bbox 121 1822 259 1869; x_wconf 82' lang='lat' dir='ltr'><strong>porcis,</strong></span> <span class='ocrx_word' id='word_1_201' title='bbox 282 1826 318 1858; x_wconf 84' lang='lat' dir='ltr'><strong>ct</strong></span> <span class='ocrx_word' id='word_1_202' title='bbox 347 1822 515 1865; x_wconf 85' lang='lat' dir='ltr'><strong>canibus,</strong></span> <span class='ocrx_word' id='word_1_203' title='bbox 535 1825 572 1857; x_wconf 86' lang='lat' dir='ltr'><strong>ct</strong></span> <span class='ocrx_word' id='word_1_204' title='bbox 607 1820 899 1863; x_wconf 70' lang='lat' dir='ltr'><strong>detractoribus,</strong></span> <span class='ocrx_word' id='word_1_205' title='bbox 933 1849 935 1865; x_wconf 67' lang='lat'>‚</span> 
     </span>
     <span class='ocr_line' id='line_1_38' title="bbox 121 1867 935 1917; baseline -0.004 -12"><span class='ocrx_word' id='word_1_206' title='bbox 121 1869 179 1906; x_wconf 71' lang='lat' dir='ltr'><strong>vel</strong></span> <span class='ocrx_word' id='word_1_207' title='bbox 198 1870 441 1917; x_wconf 80' lang='lat' dir='ltr'><strong>quibuslibet,</strong></span> <span class='ocrx_word' id='word_1_208' title='bbox 462 1880 536 1905; x_wconf 91' lang='lat' dir='ltr'><strong>non</strong></span> <span class='ocrx_word' id='word_1_209' title='bbox 558 1879 641 1905; x_wconf 88' lang='lat' dir='ltr'><strong>esse</strong></span> <span class='ocrx_word' id='word_1_210' title='bbox 664 1867 900 1914; x_wconf 87' lang='lat' dir='ltr'><strong>responden·</strong></span> <span class='ocrx_word' id='word_1_211' title='bbox 934 1874 935 1914; x_wconf 65' lang='lat' dir='ltr'>j</span> 
     </span>
     <span class='ocr_line' id='line_1_39' title="bbox 121 1914 935 1962; baseline -0.006 -8"><span class='ocrx_word' id='word_1_212' title='bbox 121 1918 226 1962; x_wconf 89' lang='lat' dir='ltr'><strong>dum,</strong></span> <span class='ocrx_word' id='word_1_213' title='bbox 249 1929 333 1954; x_wconf 84' lang='lat' dir='ltr'><strong>cum</strong></span> <span class='ocrx_word' id='word_1_214' title='bbox 354 1917 458 1954; x_wconf 90' lang='lat' dir='ltr'><strong>nulla</strong></span> <span class='ocrx_word' id='word_1_215' title='bbox 477 1920 653 1953; x_wconf 87' lang='lat' dir='ltr'><strong>secutura</strong></span> <span class='ocrx_word' id='word_1_216' title='bbox 676 1915 723 1951; x_wconf 90' lang='lat' dir='ltr'><strong>sit</strong></span> <span class='ocrx_word' id='word_1_217' title='bbox 744 1914 900 1960; x_wconf 88' lang='lat' dir='ltr'><strong>utilitas,</strong></span> <span class='ocrx_word' id='word_1_218' title='bbox 934 1927 935 1933; x_wconf 54' lang='lat'>¹</span> 
     </span>
    </p>
   </div>
   <div class='ocr_carea' id='block_1_12' title="bbox 122 1964 1755 2053">
    <p class='ocr_par' dir='ltr' id='par_1_12' title="bbox 122 1964 1755 2053">
     <span class='ocr_line' id='line_1_40' title="bbox 122 1964 936 2012; baseline -0.005 -10"><span class='ocrx_word' id='word_1_219' title='bbox 122 1965 188 2002; x_wconf 93' lang='lat' dir='ltr'><strong>sed</strong></span> <span class='ocrx_word' id='word_1_220' title='bbox 209 1965 335 2012; x_wconf 86' lang='lat' dir='ltr'><strong>potius</strong></span> <span class='ocrx_word' id='word_1_221' title='bbox 355 1964 658 2001; x_wconf 85' lang='lat' dir='ltr'><strong>incommoditas.</strong></span> <span class='ocrx_word' id='word_1_222' title='bbox 677 1966 823 2008; x_wconf 88' lang='lat' dir='ltr'><strong>Quanto</strong></span> <span class='ocrx_word' id='word_1_223' title='bbox 840 1973 902 1999; x_wconf 89' lang='lat' dir='ltr'><strong>au·</strong></span> <span class='ocrx_word' id='word_1_224' title='bbox 934 1995 936 1998; x_wconf 14' lang='grc' dir='ltr'><em>Α</em></span> 
     </span>
     <span class='ocr_line' id='line_1_41' title="bbox 934 2005 1755 2053; baseline -0.006 -5"><span class='ocrx_word' id='word_1_225' title='bbox 934 2019 937 2028; x_wconf 77' lang='grc'><em>“</em></span> <span class='ocrx_word' id='word_1_226' title='bbox 977 2011 1093 2053; x_wconf 84' lang='lat' dir='ltr'><strong>enim,</strong></span> <span class='ocrx_word' id='word_1_227' title='bbox 1110 2011 1200 2047; x_wconf 87' lang='lat' dir='ltr'><strong>dum</strong></span> <span class='ocrx_word' id='word_1_228' title='bbox 1216 2013 1357 2045; x_wconf 87' lang='lat' dir='ltr'><strong>vestem</strong></span> <span class='ocrx_word' id='word_1_229' title='bbox 1373 2006 1443 2043; x_wconf 88' lang='lat' dir='ltr'><strong>sibi</strong></span> <span class='ocrx_word' id='word_1_230' title='bbox 1458 2006 1623 2049; x_wconf 81' lang='lat' dir='ltr'><strong>discidit,</strong></span> <span class='ocrx_word' id='word_1_231' title='bbox 1635 2005 1755 2052; x_wconf 73' lang='lat' dir='ltr'><strong>ipsum</strong></span> 
     </span>
    </p>
   </div>
   <div class='ocr_carea' id='block_1_13' title="bbox 121 2012 903 2060">
    <p class='ocr_par' dir='ltr' id='par_1_13' title="bbox 121 2012 903 2060">
     <span class='ocr_line' id='line_1_42' title="bbox 121 2012 903 2060; baseline -0.004 -11"><span class='ocrx_word' id='word_1_232' title='bbox 121 2017 196 2050; x_wconf 90' lang='lat' dir='ltr'><strong>tem</strong></span> <span class='ocrx_word' id='word_1_233' title='bbox 218 2015 334 2060; x_wconf 86' lang='lat' dir='ltr'><strong>magis</strong></span> <span class='ocrx_word' id='word_1_234' title='bbox 355 2014 461 2049; x_wconf 84' lang='lat' dir='ltr'><strong>Jesus</strong></span> <span class='ocrx_word' id='word_1_235' title='bbox 481 2015 529 2049; x_wconf 87' lang='lat' dir='ltr'><strong>ad</strong></span> <span class='ocrx_word' id='word_1_236' title='bbox 552 2012 727 2059; x_wconf 81' lang='lat' dir='ltr'><strong>indignos</strong></span> <span class='ocrx_word' id='word_1_237' title='bbox 747 2021 903 2056; x_wconf 89' lang='lat' dir='ltr'><strong>respon-</strong></span> 
     </span>
    </p>
   </div>
   <div class='ocr_carea' id='block_1_14' title="bbox 934 2030 937 2049">
    <p class='ocr_par' dir='ltr' id='par_1_14' title="bbox 934 2030 937 2049">
     <span class='ocr_line' id='line_1_43' title="bbox 934 2030 937 2049; baseline 0 0"><span class='ocrx_word' id='word_1_238' title='bbox 934 2030 937 2049; x_wconf 84' lang='lat' dir='ltr'><strong>t</strong></span> 
     </span>
    </p>
   </div>
   <div class='ocr_carea' id='block_1_15' title="bbox 121 2058 937 2152">
    <p class='ocr_par' dir='ltr' id='par_1_15' title="bbox 121 2058 937 2152">
     <span class='ocr_line' id='line_1_44' title="bbox 122 2058 937 2106; baseline -0.004 -9"><span class='ocrx_word' id='word_1_239' title='bbox 122 2060 226 2097; x_wconf 84' lang='lat' dir='ltr'><strong>sione</strong></span> <span class='ocrx_word' id='word_1_240' title='bbox 245 2063 326 2106; x_wconf 89' lang='lat' dir='ltr'><strong>ejus</strong></span> <span class='ocrx_word' id='word_1_241' title='bbox 344 2061 505 2105; x_wconf 86' lang='lat' dir='ltr'><strong>tacebat,</strong></span> <span class='ocrx_word' id='word_1_242' title='bbox 527 2064 632 2096; x_wconf 85' lang='lat' dir='ltr'><strong>tanto</strong></span> <span class='ocrx_word' id='word_1_243' title='bbox 660 2058 780 2105; x_wconf 85' lang='lat' dir='ltr'><strong>magis</strong></span> <span class='ocrx_word' id='word_1_244' title='bbox 808 2060 901 2095; x_wconf 86' lang='lat' dir='ltr'><strong>Pon·</strong></span> <span class='ocrx_word' id='word_1_245' title='bbox 934 2074 937 2103; x_wconf 75' lang='lat'>3</span> 
     </span>
     <span class='ocr_line' id='line_1_45' title="bbox 121 2106 936 2152; baseline -0.004 -7"><span class='ocrx_word' id='word_1_246' title='bbox 121 2108 211 2145; x_wconf 82' lang='lat' dir='ltr'><strong>tifex</strong></span> <span class='ocrx_word' id='word_1_247' title='bbox 246 2109 373 2145; x_wconf 89' lang='lat' dir='ltr'><strong>furens</strong></span> <span class='ocrx_word' id='word_1_248' title='bbox 407 2118 492 2144; x_wconf 88' lang='lat' dir='ltr'><strong>eum</strong></span> <span class='ocrx_word' id='word_1_249' title='bbox 524 2109 571 2144; x_wconf 87' lang='lat' dir='ltr'><strong>ad</strong></span> <span class='ocrx_word' id='word_1_250' title='bbox 596 2106 901 2152; x_wconf 61' lang='lat' dir='ltr'><strong>respondendum</strong></span> <span class='ocrx_word' id='word_1_251' title='bbox 934 2119 936 2126; x_wconf 92' lang='lat'>·</span> 
     </span>
    </p>
   </div>
   <div class='ocr_carea' id='block_1_16' title="bbox 122 2154 905 2439">
    <p class='ocr_par' dir='ltr' id='par_1_16' title="bbox 122 2154 905 2439">
     <span class='ocr_line' id='line_1_46' title="bbox 123 2154 901 2203; baseline -0.004 -10"><span class='ocrx_word' id='word_1_252' title='bbox 123 2157 365 2203; x_wconf 77' lang='lat' dir='ltr'><strong>provocabat,</strong></span> <span class='ocrx_word' id='word_1_253' title='bbox 384 2161 425 2192; x_wconf 91' lang='lat' dir='ltr'><strong>ut</strong></span> <span class='ocrx_word' id='word_1_254' title='bbox 445 2167 489 2192; x_wconf 86' lang='lat' dir='ltr'><strong>ex</strong></span> <span class='ocrx_word' id='word_1_255' title='bbox 511 2154 635 2191; x_wconf 82' lang='lat' dir='ltr'><strong>verbis</strong></span> <span class='ocrx_word' id='word_1_256' title='bbox 657 2154 772 2201; x_wconf 87' lang='lat' dir='ltr'><strong>ipsius</strong></span> <span class='ocrx_word' id='word_1_257' title='bbox 793 2165 901 2190; x_wconf 84' lang='lat' dir='ltr'><strong>occa-</strong></span> 
     </span>
     <span class='ocr_line' id='line_1_47' title="bbox 124 2202 902 2248; baseline -0.004 -8"><span class='ocrx_word' id='word_1_258' title='bbox 124 2203 271 2241; x_wconf 89' lang='lat' dir='ltr'><strong>sionem</strong></span> <span class='ocrx_word' id='word_1_259' title='bbox 303 2202 559 2240; x_wconf 80' lang='lat' dir='ltr'><strong>calumniandi</strong></span> <span class='ocrx_word' id='word_1_260' title='bbox 587 2205 768 2248; x_wconf 86' lang='lat' dir='ltr'><strong>captaret.</strong></span> <span class='ocrx_word' id='word_1_261' title='bbox 799 2203 902 2238; x_wconf 91' lang='lat' dir='ltr'><strong>Tunc</strong></span> 
     </span>
     <span class='ocr_line' id='line_1_48' title="bbox 122 2251 901 2298; baseline -0.003 -10"><span class='ocrx_word' id='word_1_262' title='bbox 122 2253 238 2295; x_wconf 88' lang='lat' dir='ltr'><strong>enim,</strong></span> <span class='ocrx_word' id='word_1_263' title='bbox 254 2253 422 2298; x_wconf 79' lang='lat' dir='ltr'><strong>princeps</strong></span> <span class='ocrx_word' id='word_1_264' title='bbox 441 2251 684 2294; x_wconf 80' lang='lat' dir='ltr'><strong>sacerdotum,</strong></span> <span class='ocrx_word' id='word_1_265' title='bbox 697 2261 828 2286; x_wconf 87' lang='lat' dir='ltr'><strong>rursus</strong></span> <span class='ocrx_word' id='word_1_266' title='bbox 850 2251 901 2286; x_wconf 89' lang='lat' dir='ltr'><strong>in-</strong></span> 
     </span>
     <span class='ocr_line' id='line_1_49' title="bbox 122 2299 902 2345; baseline -0.004 -9"><span class='ocrx_word' id='word_1_267' title='bbox 122 2302 334 2345; x_wconf 79' lang='lat' dir='ltr'><strong>terrogans,</strong></span> <span class='ocrx_word' id='word_1_268' title='bbox 367 2302 422 2336; x_wconf 77' lang='lat' dir='ltr'><strong>ait</strong></span> <span class='ocrx_word' id='word_1_269' title='bbox 455 2301 517 2336; x_wconf 83' lang='lat' dir='ltr'><strong>illi</strong></span> <span class='ocrx_word' id='word_1_270' title='bbox 550 2311 559 2334; x_wconf 91' lang='lat'>:</span> <span class='ocrx_word' id='word_1_271' title='bbox 587 2299 732 2344; x_wconf 69' lang='lat' dir='ltr'><strong>Acljuro</strong></span> <span class='ocrx_word' id='word_1_272' title='bbox 770 2302 804 2334; x_wconf 81' lang='lat' dir='ltr'><strong>te</strong></span> <span class='ocrx_word' id='word_1_273' title='bbox 835 2308 902 2344; x_wconf 80' lang='lat' dir='ltr'><strong>per</strong></span> 
     </span>
     <span class='ocr_line' id='line_1_50' title="bbox 124 2346 903 2392; baseline -0.003 -9"><span class='ocrx_word' id='word_1_274' title='bbox 124 2349 236 2383; x_wconf 84' lang='lat' dir='ltr'><strong>Deum</strong></span> <span class='ocrx_word' id='word_1_275' title='bbox 262 2349 400 2392; x_wconf 80' lang='lat' dir='ltr'><strong>vivum,</strong></span> <span class='ocrx_word' id='word_1_276' title='bbox 417 2350 459 2383; x_wconf 82' lang='lat' dir='ltr'><strong>ut</strong></span> <span class='ocrx_word' id='word_1_277' title='bbox 482 2347 584 2383; x_wconf 80' lang='lat' dir='ltr'><strong>dicas</strong></span> <span class='ocrx_word' id='word_1_278' title='bbox 609 2346 713 2382; x_wconf 75' lang='lat' dir='ltr'><strong>nobis</strong></span> <span class='ocrx_word' id='word_1_279' title='bbox 738 2347 772 2381; x_wconf 82' lang='lat' dir='ltr'><strong>si</strong></span> <span class='ocrx_word' id='word_1_280' title='bbox 802 2348 841 2382; x_wconf 81' lang='lat' dir='ltr'><strong>tu</strong></span> <span class='ocrx_word' id='word_1_281' title='bbox 867 2356 903 2381; x_wconf 83' lang='lat' dir='ltr'><strong>es</strong></span> 
     </span>
     <span class='ocr_line' id='line_1_51' title="bbox 127 2393 905 2439; baseline -0.004 -7"><span class='ocrx_word' id='word_1_282' title='bbox 127 2395 292 2432; x_wconf 80' lang='lat' dir='ltr'><strong>Christus</strong></span> <span class='ocrx_word' id='word_1_283' title='bbox 311 2396 441 2439; x_wconf 77' lang='lat' dir='ltr'><strong>Filius,</strong></span> <span class='ocrx_word' id='word_1_284' title='bbox 461 2394 604 2431; x_wconf 88' lang='lat' dir='ltr'><strong>scilicet</strong></span> <span class='ocrx_word' id='word_1_285' title='bbox 623 2393 818 2437; x_wconf 79' lang='lat' dir='ltr'><strong>naturalis,</strong></span> <span class='ocrx_word' id='word_1_286' title='bbox 839 2395 905 2429; x_wconf 79' lang='lat' dir='ltr'><strong>Dei</strong></span> 
     </span>
    </p>
   </div>
   <div class='ocr_carea' id='block_1_17' title="bbox 128 2440 940 2536">
    <p class='ocr_par' dir='ltr' id='par_1_17' title="bbox 128 2440 940 2536">
     <span class='ocr_line' id='line_1_52' title="bbox 129 2440 939 2487; baseline 0 -9"><span class='ocrx_word' id='word_1_287' title='bbox 129 2442 331 2478; x_wconf 73' lang='lat' dir='ltr'><strong>benedicti?</strong></span> <span class='ocrx_word' id='word_1_288' title='bbox 360 2442 429 2485; x_wconf 84' lang='lat' dir='ltr'><strong>Qui</strong></span> <span class='ocrx_word' id='word_1_289' title='bbox 471 2443 518 2479; x_wconf 88' lang='lat' dir='ltr'><strong>ad</strong></span> <span class='ocrx_word' id='word_1_290' title='bbox 555 2452 640 2478; x_wconf 90' lang='lat' dir='ltr'><strong>eum</strong></span> <span class='ocrx_word' id='word_1_291' title='bbox 682 2440 904 2487; x_wconf 83' lang='lat' dir='ltr'><strong>capiendum</strong></span> <span class='ocrx_word' id='word_1_292' title='bbox 938 2467 939 2470; x_wconf 52' lang='lat'><em>=</em></span> 
     </span>
     <span class='ocr_line' id='line_1_53' title="bbox 128 2489 940 2536; baseline -0.002 -9"><span class='ocrx_word' id='word_1_293' title='bbox 128 2489 233 2536; x_wconf 86' lang='lat' dir='ltr'><strong>quasi</strong></span> <span class='ocrx_word' id='word_1_294' title='bbox 272 2489 457 2526; x_wconf 85' lang='lat' dir='ltr'><strong>latronem</strong></span> <span class='ocrx_word' id='word_1_295' title='bbox 494 2489 671 2533; x_wconf 89' lang='lat' dir='ltr'><strong>miserat,</strong></span> <span class='ocrx_word' id='word_1_296' title='bbox 716 2500 814 2525; x_wconf 90' lang='lat' dir='ltr'><strong>nunc</strong></span> <span class='ocrx_word' id='word_1_297' title='bbox 859 2490 904 2525; x_wconf 91' lang='lat' dir='ltr'><strong>de</strong></span> <span class='ocrx_word' id='word_1_298' title='bbox 938 2498 940 2518; x_wconf 50' lang='lat' dir='ltr'><strong>i</strong></span> 
     </span>
    </p>
   </div>
   <div class='ocr_carea' id='block_1_18' title="bbox 127 2536 905 2584">
    <p class='ocr_par' dir='ltr' id='par_1_18' title="bbox 127 2536 905 2584">
     <span class='ocr_line' id='line_1_54' title="bbox 127 2536 905 2584; baseline -0.003 -10"><span class='ocrx_word' id='word_1_299' title='bbox 127 2539 226 2574; x_wconf 89' lang='lat' dir='ltr'><strong>furto</strong></span> <span class='ocrx_word' id='word_1_300' title='bbox 252 2541 289 2574; x_wconf 88' lang='lat' dir='ltr'><strong>et</strong></span> <span class='ocrx_word' id='word_1_301' title='bbox 314 2536 556 2584; x_wconf 89' lang='lat' dir='ltr'><strong>usurpatione</strong></span> <span class='ocrx_word' id='word_1_302' title='bbox 581 2536 730 2573; x_wconf 89' lang='lat' dir='ltr'><strong>deitatis</strong></span> <span class='ocrx_word' id='word_1_303' title='bbox 757 2536 905 2573; x_wconf 87' lang='lat' dir='ltr'><strong>exami-</strong></span> 
     </span>
    </p>
   </div>
   <div class='ocr_carea' id='block_1_19' title="bbox 128 2583 941 2629">
    <p class='ocr_par' dir='ltr' id='par_1_19' title="bbox 128 2583 941 2629">
     <span class='ocr_line' id='line_1_55' title="bbox 128 2583 941 2629; baseline 0.001 -7"><span class='ocrx_word' id='word_1_304' title='bbox 128 2590 214 2629; x_wconf 88' lang='lat' dir='ltr'><strong>nat;</strong></span> <span class='ocrx_word' id='word_1_305' title='bbox 234 2595 308 2621; x_wconf 87' lang='lat' dir='ltr'><strong>non</strong></span> <span class='ocrx_word' id='word_1_306' title='bbox 341 2588 468 2621; x_wconf 86' lang='lat' dir='ltr'><strong>tamen</strong></span> <span class='ocrx_word' id='word_1_307' title='bbox 488 2586 685 2621; x_wconf 89' lang='lat' dir='ltr'><strong>veritatem</strong></span> <span class='ocrx_word' id='word_1_308' title='bbox 712 2583 777 2621; x_wconf 92' lang='lat' dir='ltr'><strong>Dei</strong></span> <span class='ocrx_word' id='word_1_309' title='bbox 805 2584 904 2621; x_wconf 87' lang='lat' dir='ltr'><strong>desi·</strong></span> <span class='ocrx_word' id='word_1_310' title='bbox 939 2618 941 2623; x_wconf 91' lang='lat'><em>.</em></span> 
     </span>
    </p>
   </div>
   <div class='ocr_carea' id='block_1_20' title="bbox 126 2632 906 2822">
    <p class='ocr_par' dir='ltr' id='par_1_20' title="bbox 126 2632 906 2822">
     <span class='ocr_line' id='line_1_56' title="bbox 126 2632 902 2679; baseline 0 -10"><span class='ocrx_word' id='word_1_311' title='bbox 126 2632 248 2677; x_wconf 89' lang='lat' dir='ltr'><strong>derat,</strong></span> <span class='ocrx_word' id='word_1_312' title='bbox 268 2632 335 2669; x_wconf 91' lang='lat' dir='ltr'><strong>sed</strong></span> <span class='ocrx_word' id='word_1_313' title='bbox 368 2633 488 2679; x_wconf 86' lang='lat' dir='ltr'><strong>magis</strong></span> <span class='ocrx_word' id='word_1_314' title='bbox 522 2632 749 2669; x_wconf 89' lang='lat' dir='ltr'><strong>calumniam</strong></span> <span class='ocrx_word' id='word_1_315' title='bbox 780 2637 902 2679; x_wconf 83' lang='lat' dir='ltr'><strong>parat.</strong></span> 
     </span>
     <span class='ocr_line' id='line_1_57' title="bbox 127 2680 906 2727; baseline -0.001 -10"><span class='ocrx_word' id='word_1_316' title='bbox 127 2680 182 2717; x_wconf 87' lang='lat' dir='ltr'><strong>Ad</strong></span> <span class='ocrx_word' id='word_1_317' title='bbox 194 2681 263 2716; x_wconf 86' lang='lat' dir='ltr'><strong>hoc</strong></span> <span class='ocrx_word' id='word_1_318' title='bbox 276 2685 401 2716; x_wconf 84' lang='lat' dir='ltr'><strong>autem</strong></span> <span class='ocrx_word' id='word_1_319' title='bbox 412 2681 520 2717; x_wconf 80' lang='lat' dir='ltr'><strong>Jcsus</strong></span> <span class='ocrx_word' id='word_1_320' title='bbox 533 2680 742 2727; x_wconf 89' lang='lat' dir='ltr'><strong>respondit,</strong></span> <span class='ocrx_word' id='word_1_321' title='bbox 754 2683 906 2726; x_wconf 81' lang='lat' dir='ltr'><strong>propter</strong></span> 
     </span>
     <span class='ocr_line' id='line_1_58' title="bbox 126 2727 903 2765; baseline 0 -1"><span class='ocrx_word' id='word_1_322' title='bbox 126 2727 379 2765; x_wconf 88' lang='lat' dir='ltr'><strong>reverentiam</strong></span> <span class='ocrx_word' id='word_1_323' title='bbox 405 2727 521 2764; x_wconf 91' lang='lat' dir='ltr'><strong>divini</strong></span> <span class='ocrx_word' id='word_1_324' title='bbox 543 2727 705 2764; x_wconf 90' lang='lat' dir='ltr'><strong>nominis</strong></span> <span class='ocrx_word' id='word_1_325' title='bbox 726 2727 903 2765; x_wconf 89' lang='lat' dir='ltr'><strong>invocati.</strong></span> 
     </span>
     <span class='ocr_line' id='line_1_59' title="bbox 128 2775 905 2822; baseline 0 -10"><span class='ocrx_word' id='word_1_326' title='bbox 128 2776 172 2812; x_wconf 86' lang='lat' dir='ltr'><strong>Et</strong></span> <span class='ocrx_word' id='word_1_327' title='bbox 206 2776 299 2812; x_wconf 80' lang='lat' dir='ltr'><strong>dicit</strong></span> <span class='ocrx_word' id='word_1_328' title='bbox 331 2777 392 2812; x_wconf 82' lang='lat' dir='ltr'><strong>illi</strong></span> <span class='ocrx_word' id='word_1_329' title='bbox 415 2777 518 2813; x_wconf 83' lang='lat' dir='ltr'><strong>Jesus</strong></span> <span class='ocrx_word' id='word_1_330' title='bbox 539 2788 549 2811; x_wconf 75' lang='grc' dir='ltr'><strong><em>ε</em></strong></span> <span class='ocrx_word' id='word_1_331' title='bbox 574 2777 628 2811; x_wconf 82' lang='lat' dir='ltr'><strong>Tu</strong></span> <span class='ocrx_word' id='word_1_332' title='bbox 646 2775 796 2822; x_wconf 76' lang='lat' dir='ltr'><strong>dixisti,</strong></span> <span class='ocrx_word' id='word_1_333' title='bbox 817 2777 905 2822; x_wconf 83' lang='lat' dir='ltr'><strong>quia</strong></span> 
     </span>
    </p>
   </div>
   <div class='ocr_carea' id='block_1_21' title="bbox 1728 124 1767 159">
    <p class='ocr_par' dir='ltr' id='par_1_21' title="bbox 1728 124 1767 159">
     <span class='ocr_line' id='line_1_60' title="bbox 1728 124 1767 159; baseline 0.026 -1"><span class='ocrx_word' id='word_1_334' title='bbox 1728 124 1767 159; x_wconf 81' lang='lat'><strong>39</strong></span> 
     </span>
    </p>
   </div>
   <div class='ocr_carea' id='block_1_22' title="bbox 980 196 1767 623">
    <p class='ocr_par' dir='ltr' id='par_1_22' title="bbox 980 196 1767 623">
     <span class='ocr_line' id='line_1_61' title="bbox 980 196 1763 246; baseline -0.004 -9"><span class='ocrx_word' id='word_1_335' title='bbox 980 211 1043 246; x_wconf 72' lang='lat' dir='ltr'><strong>eqo</strong></span> <span class='ocrx_word' id='word_1_336' title='bbox 1067 211 1160 237; x_wconf 82' lang='lat' dir='ltr'><strong>sum.</strong></span> <span class='ocrx_word' id='word_1_337' title='bbox 1186 200 1392 237; x_wconf 84' lang='lat' dir='ltr'><strong>Veritatem</strong></span> <span class='ocrx_word' id='word_1_338' title='bbox 1416 198 1470 235; x_wconf 72' lang='lat' dir='ltr'><strong>eis</strong></span> <span class='ocrx_word' id='word_1_339' title='bbox 1491 196 1699 243; x_wconf 82' lang='lat' dir='ltr'><strong>respondit,</strong></span> <span class='ocrx_word' id='word_1_340' title='bbox 1723 201 1763 234; x_wconf 93' lang='lat' dir='ltr'><strong>ut</strong></span> 
     </span>
     <span class='ocr_line' id='line_1_62' title="bbox 980 245 1761 290; baseline -0.004 -6"><span class='ocrx_word' id='word_1_341' title='bbox 980 247 1253 284; x_wconf 57' lang='lat' dir='ltr'><strong>inexcusabile&lt;</strong></span> <span class='ocrx_word' id='word_1_342' title='bbox 1270 251 1410 290; x_wconf 82' lang='lat' dir='ltr'><strong>esseut,</strong></span> <span class='ocrx_word' id='word_1_343' title='bbox 1425 251 1462 283; x_wconf 84' lang='lat' dir='ltr'><strong>ct</strong></span> <span class='ocrx_word' id='word_1_344' title='bbox 1478 257 1524 282; x_wconf 87' lang='lat' dir='ltr'><strong>ne</strong></span> <span class='ocrx_word' id='word_1_345' title='bbox 1544 255 1679 281; x_wconf 87' lang='lat' dir='ltr'><strong>nomen</strong></span> <span class='ocrx_word' id='word_1_346' title='bbox 1697 245 1761 282; x_wconf 86' lang='lat' dir='ltr'><strong>Dei</strong></span> 
     </span>
     <span class='ocr_line' id='line_1_63' title="bbox 981 292 1762 342; baseline -0.004 -10"><span class='ocrx_word' id='word_1_347' title='bbox 981 306 1159 342; x_wconf 75' lang='lat' dir='ltr'><strong>spernere</strong></span> <span class='ocrx_word' id='word_1_348' title='bbox 1182 296 1383 332; x_wconf 77' lang='lat' dir='ltr'><strong>videretur.</strong></span> <span class='ocrx_word' id='word_1_349' title='bbox 1409 296 1450 331; x_wconf 84' lang='lat' dir='ltr'><strong>Et</strong></span> <span class='ocrx_word' id='word_1_350' title='bbox 1469 292 1606 340; x_wconf 67' lang='lat' dir='ltr'><strong>adierit</strong></span> <span class='ocrx_word' id='word_1_351' title='bbox 1630 292 1762 329; x_wconf 74' lang='lat' dir='ltr'><strong>tmini-</strong></span> 
     </span>
     <span class='ocr_line' id='line_1_64' title="bbox 981 340 1766 380; baseline -0.005 -1"><span class='ocrx_word' id='word_1_352' title='bbox 981 354 1051 379; x_wconf 84' lang='lat' dir='ltr'><strong>nus</strong></span> <span class='ocrx_word' id='word_1_353' title='bbox 1070 344 1180 380; x_wconf 78' lang='lat' dir='ltr'><strong>Jcsus</strong></span> <span class='ocrx_word' id='word_1_354' title='bbox 1203 355 1210 378; x_wconf 75' lang='grc' dir='ltr'>ε</span> <span class='ocrx_word' id='word_1_355' title='bbox 1241 346 1495 379; x_wconf 60' lang='lat' dir='ltr'><strong>Verumtamen</strong></span> <span class='ocrx_word' id='word_1_356' title='bbox 1519 342 1600 377; x_wconf 74' lang='lat' dir='ltr'><strong>dico</strong></span> <span class='ocrx_word' id='word_1_357' title='bbox 1626 340 1727 375; x_wconf 73' lang='lat' dir='ltr'><strong>vobis</strong></span> <span class='ocrx_word' id='word_1_358' title='bbox 1756 353 1766 376; x_wconf 90' lang='lat'>:</span> 
     </span>
     <span class='ocr_line' id='line_1_65' title="bbox 981 386 1767 435; baseline -0.004 -9"><span class='ocrx_word' id='word_1_359' title='bbox 981 391 1122 426; x_wconf 85' lang='lat' dir='ltr'><strong>Amodo</strong></span> <span class='ocrx_word' id='word_1_360' title='bbox 1144 391 1329 429; x_wconf 74' lang='lat' dir='ltr'><strong>ridebitis,</strong></span> <span class='ocrx_word' id='word_1_361' title='bbox 1346 389 1464 426; x_wconf 62' lang='lat' dir='ltr'><strong>oeulis</strong></span> <span class='ocrx_word' id='word_1_362' title='bbox 1484 386 1688 435; x_wconf 74' lang='lat' dir='ltr'><strong>corporeis,</strong></span> <span class='ocrx_word' id='word_1_363' title='bbox 1709 389 1767 423; x_wconf 78' lang='lat' dir='ltr'><strong>Fi-</strong></span> 
     </span>
     <span class='ocr_line' id='line_1_66' title="bbox 982 435 1764 482; baseline -0.003 -8"><span class='ocrx_word' id='word_1_364' title='bbox 982 439 1072 474; x_wconf 79' lang='lat' dir='ltr'><strong>lium</strong></span> <span class='ocrx_word' id='word_1_365' title='bbox 1088 439 1258 480; x_wconf 81' lang='lat' dir='ltr'><strong>hominis,</strong></span> <span class='ocrx_word' id='word_1_366' title='bbox 1275 436 1417 473; x_wconf 68' lang='lat' dir='ltr'><strong>scitii-et</strong></span> <span class='ocrx_word' id='word_1_367' title='bbox 1435 447 1507 480; x_wconf 82' lang='lat' dir='ltr'><strong>mc,</strong></span> <span class='ocrx_word' id='word_1_368' title='bbox 1522 445 1633 482; x_wconf 78' lang='lat' dir='ltr'><strong>qoem</strong></span> <span class='ocrx_word' id='word_1_369' title='bbox 1653 435 1764 472; x_wconf 85' lang='lat' dir='ltr'><strong>inodo</strong></span> 
     </span>
     <span class='ocr_line' id='line_1_67' title="bbox 983 482 1764 528; baseline -0.004 -7"><span class='ocrx_word' id='word_1_370' title='bbox 983 484 1238 527; x_wconf 86' lang='lat' dir='ltr'><strong>contemnitis,</strong></span> <span class='ocrx_word' id='word_1_371' title='bbox 1254 488 1290 520; x_wconf 90' lang='lat' dir='ltr'><strong>ct</strong></span> <span class='ocrx_word' id='word_1_372' title='bbox 1313 483 1561 528; x_wconf 72' lang='lat' dir='ltr'><strong>ignominioso</strong></span> <span class='ocrx_word' id='word_1_373' title='bbox 1582 482 1764 528; x_wconf 72' lang='lat' dir='ltr'><strong>tractatis,</strong></span> 
     </span>
     <span class='ocr_line' id='line_1_68' title="bbox 982 530 1765 578; baseline -0.004 -9"><span class='ocrx_word' id='word_1_374' title='bbox 982 532 1020 569; x_wconf 93' lang='lat' dir='ltr'><strong>in</strong></span> <span class='ocrx_word' id='word_1_375' title='bbox 1047 532 1106 568; x_wconf 84' lang='lat' dir='ltr'><strong>dic</strong></span> <span class='ocrx_word' id='word_1_376' title='bbox 1129 531 1276 578; x_wconf 83' lang='lat' dir='ltr'><strong>judicii,</strong></span> <span class='ocrx_word' id='word_1_377' title='bbox 1299 532 1490 572; x_wconf 75' lang='lat' dir='ltr'><strong>sedentem,</strong></span> <span class='ocrx_word' id='word_1_378' title='bbox 1516 534 1555 566; x_wconf 87' lang='lat' dir='ltr'><strong>ut</strong></span> <span class='ocrx_word' id='word_1_379' title='bbox 1580 530 1765 574; x_wconf 78' lang='lat' dir='ltr'><strong>Jiidiccm,</strong></span> 
     </span>
     <span class='ocr_line' id='line_1_69' title="bbox 982 577 1764 623; baseline -0.005 -7"><span class='ocrx_word' id='word_1_380' title='bbox 982 591 1004 616; x_wconf 84' lang='lat' dir='ltr'><strong>a</strong></span> <span class='ocrx_word' id='word_1_381' title='bbox 1033 580 1176 615; x_wconf 71' lang='lat' dir='ltr'><strong>dextris</strong></span> <span class='ocrx_word' id='word_1_382' title='bbox 1210 580 1373 621; x_wconf 76' lang='lat' dir='ltr'><strong>virtutis,</strong></span> <span class='ocrx_word' id='word_1_383' title='bbox 1397 577 1433 613; x_wconf 90' lang='lat' dir='ltr'><strong>id</strong></span> <span class='ocrx_word' id='word_1_384' title='bbox 1461 582 1516 614; x_wconf 90' lang='lat' dir='ltr'><strong>est</strong></span> <span class='ocrx_word' id='word_1_385' title='bbox 1543 577 1764 623; x_wconf 75' lang='lat' dir='ltr'><strong>majestatis,</strong></span> 
     </span>
    </p>
   </div>
   <div class='ocr_carea' id='block_1_23' title="bbox 939 624 1763 671">
    <p class='ocr_par' dir='ltr' id='par_1_23' title="bbox 939 624 1763 671">
     <span class='ocr_line' id='line_1_70' title="bbox 939 624 1763 671; baseline -0.005 -7"><span class='ocrx_word' id='word_1_386' title='bbox 939 636 941 638; x_wconf 72' lang='grc'><strong><em>’</em></strong></span> <span class='ocrx_word' id='word_1_387' title='bbox 980 630 1046 664; x_wconf 82' lang='lat' dir='ltr'><strong>Dei</strong></span> <span class='ocrx_word' id='word_1_388' title='bbox 1062 628 1198 671; x_wconf 83' lang='lat' dir='ltr'><strong>Patris,</strong></span> <span class='ocrx_word' id='word_1_389' title='bbox 1214 626 1250 662; x_wconf 92' lang='lat' dir='ltr'><strong>id</strong></span> <span class='ocrx_word' id='word_1_390' title='bbox 1269 630 1323 662; x_wconf 65' lang='lat' dir='ltr'><strong>cst</strong></span> <span class='ocrx_word' id='word_1_391' title='bbox 1343 625 1380 661; x_wconf 91' lang='lat' dir='ltr'><strong>in</strong></span> <span class='ocrx_word' id='word_1_392' title='bbox 1403 624 1616 671; x_wconf 69' lang='lat' dir='ltr'><strong>inqualitate</strong></span> <span class='ocrx_word' id='word_1_393' title='bbox 1636 628 1671 660; x_wconf 82' lang='lat' dir='ltr'><strong>ct</strong></span> <span class='ocrx_word' id='word_1_394' title='bbox 1689 625 1763 671; x_wconf 85' lang='lat' dir='ltr'><strong>ple-</strong></span> 
     </span>
    </p>
   </div>
   <div class='ocr_carea' id='block_1_24' title="bbox 981 672 1766 766">
    <p class='ocr_par' dir='ltr' id='par_1_24' title="bbox 981 672 1766 766">
     <span class='ocr_line' id='line_1_71' title="bbox 982 672 1766 721; baseline -0.004 -10"><span class='ocrx_word' id='word_1_395' title='bbox 982 674 1139 711; x_wconf 83' lang='lat' dir='ltr'><strong>nissima</strong></span> <span class='ocrx_word' id='word_1_396' title='bbox 1159 677 1345 721; x_wconf 70' lang='lat' dir='ltr'><strong>potestate</strong></span> <span class='ocrx_word' id='word_1_397' title='bbox 1368 672 1488 709; x_wconf 78' lang='lat' dir='ltr'><strong>Patris</strong></span> <span class='ocrx_word' id='word_1_398' title='bbox 1506 685 1512 708; x_wconf 89' lang='lat'><strong>:</strong></span> <span class='ocrx_word' id='word_1_399' title='bbox 1534 672 1602 707; x_wconf 84' lang='lat' dir='ltr'><strong>lioc</strong></span> <span class='ocrx_word' id='word_1_400' title='bbox 1622 675 1692 716; x_wconf 84' lang='lat' dir='ltr'><strong>cst,</strong></span> <span class='ocrx_word' id='word_1_401' title='bbox 1710 683 1766 708; x_wconf 74' lang='lat' dir='ltr'><strong>sc-</strong></span> 
     </span>
     <span class='ocr_line' id='line_1_72' title="bbox 981 720 1762 766; baseline -0.006 -7"><span class='ocrx_word' id='word_1_402' title='bbox 981 723 1145 759; x_wconf 88' lang='lat' dir='ltr'><strong>cundum</strong></span> <span class='ocrx_word' id='word_1_403' title='bbox 1166 720 1490 766; x_wconf 74' lang='lat' dir='ltr'><strong>Hiei·onymum,in</strong></span> <span class='ocrx_word' id='word_1_404' title='bbox 1507 721 1581 754; x_wconf 87' lang='lat' dir='ltr'><strong>vita</strong></span> <span class='ocrx_word' id='word_1_405' title='bbox 1601 730 1762 765; x_wconf 80' lang='lat' dir='ltr'><strong>regnan-</strong></span> 
     </span>
    </p>
   </div>
   <div class='ocr_carea' id='block_1_25' title="bbox 974 814 1816 2006">
    <p class='ocr_par' dir='ltr' id='par_1_25' title="bbox 979 814 1762 861">
     <span class='ocr_line' id='line_1_73' title="bbox 979 814 1762 861; baseline -0.008 -6"><span class='ocrx_word' id='word_1_406' title='bbox 979 822 1191 861; x_wconf 73' lang='lat' dir='ltr'><strong>veni&#39;enteiiz,</strong></span> <span class='ocrx_word' id='word_1_407' title='bbox 1206 816 1350 853; x_wconf 85' lang='lat' dir='ltr'><strong>scilicet</strong></span> <span class='ocrx_word' id='word_1_408' title='bbox 1367 816 1414 852; x_wconf 90' lang='lat' dir='ltr'><strong>ad</strong></span> <span class='ocrx_word' id='word_1_409' title='bbox 1430 814 1615 861; x_wconf 83' lang='lat' dir='ltr'><strong>judicium</strong></span> <span class='ocrx_word' id='word_1_410' title='bbox 1631 824 1762 850; x_wconf 80' lang='lat' dir='ltr'><strong>secun-</strong></span> 
     </span>
    </p>

    <p class='ocr_par' dir='ltr' id='par_1_26' title="bbox 979 862 1761 906">
     <span class='ocr_line' id='line_1_74' title="bbox 979 862 1761 906; baseline -0.008 -3"><span class='ocrx_word' id='word_1_411' title='bbox 979 867 1068 903; x_wconf 89' lang='lat' dir='ltr'><strong>dum</strong></span> <span class='ocrx_word' id='word_1_412' title='bbox 1097 866 1257 902; x_wconf 85' lang='lat' dir='ltr'><strong>formam</strong></span> <span class='ocrx_word' id='word_1_413' title='bbox 1293 865 1514 906; x_wconf 82' lang='lat' dir='ltr'><strong>humanam,</strong></span> <span class='ocrx_word' id='word_1_414' title='bbox 1539 863 1578 897; x_wconf 80' lang='lat' dir='ltr'><strong>in</strong></span> <span class='ocrx_word' id='word_1_415' title='bbox 1604 862 1761 897; x_wconf 79' lang='lat' dir='ltr'><strong>nubibus</strong></span> 
     </span>
    </p>

    <p class='ocr_par' dir='ltr' id='par_1_27' title="bbox 980 908 1759 958">
     <span class='ocr_line' id='line_1_75' title="bbox 980 908 1759 958; baseline -0.009 -7"><span class='ocrx_word' id='word_1_416' title='bbox 980 916 1071 958; x_wconf 72' lang='lat' dir='ltr'><strong>cirlc&#39;,</strong></span> <span class='ocrx_word' id='word_1_417' title='bbox 1092 913 1187 949; x_wconf 81' lang='lat' dir='ltr'><strong>sicut</strong></span> <span class='ocrx_word' id='word_1_418' title='bbox 1212 911 1397 954; x_wconf 84' lang='lat' dir='ltr'><strong>ascendit,</strong></span> <span class='ocrx_word' id='word_1_419' title='bbox 1420 911 1482 947; x_wconf 88' lang='lat' dir='ltr'><strong>ubi</strong></span> <span class='ocrx_word' id='word_1_420' title='bbox 1506 908 1648 945; x_wconf 80' lang='lat' dir='ltr'><strong>videbit</strong></span> <span class='ocrx_word' id='word_1_421' title='bbox 1675 919 1759 945; x_wconf 89' lang='lat' dir='ltr'><strong>eum</strong></span> 
     </span>
    </p>

    <p class='ocr_par' dir='ltr' id='par_1_28' title="bbox 980 958 1759 1005">
     <span class='ocr_line' id='line_1_76' title="bbox 980 958 1759 1005; baseline -0.008 -7"><span class='ocrx_word' id='word_1_422' title='bbox 980 962 1103 999; x_wconf 85' lang='lat' dir='ltr'><strong>omnis</strong></span> <span class='ocrx_word' id='word_1_423' title='bbox 1115 960 1259 1003; x_wconf 88' lang='lat' dir='ltr'><strong>oculus,</strong></span> <span class='ocrx_word' id='word_1_424' title='bbox 1276 964 1313 996; x_wconf 90' lang='lat' dir='ltr'><strong>et</strong></span> <span class='ocrx_word' id='word_1_425' title='bbox 1330 958 1490 1005; x_wconf 74' lang='lat' dir='ltr'><strong>quietim</strong></span> <span class='ocrx_word' id='word_1_426' title='bbox 1507 960 1759 1004; x_wconf 78' lang='lat' dir='ltr'><strong>pupugerunt.</strong></span> 
     </span>
    </p>

    <p class='ocr_par' dir='ltr' id='par_1_29' title="bbox 981 1004 1761 1053">
     <span class='ocr_line' id='line_1_77' title="bbox 981 1004 1761 1053; baseline -0.006 -8"><span class='ocrx_word' id='word_1_427' title='bbox 981 1009 1091 1053; x_wconf 79' lang='lat' dir='ltr'><strong>Quasi</strong></span> <span class='ocrx_word' id='word_1_428' title='bbox 1111 1008 1210 1044; x_wconf 85' lang='lat' dir='ltr'><strong>dicat</strong></span> <span class='ocrx_word' id='word_1_429' title='bbox 1230 1020 1238 1044; x_wconf 91' lang='lat'>:</span> <span class='ocrx_word' id='word_1_430' title='bbox 1256 1008 1328 1043; x_wconf 76' lang='lat' dir='ltr'><strong>Vos</strong></span> <span class='ocrx_word' id='word_1_431' title='bbox 1351 1016 1409 1042; x_wconf 85' lang='lat' dir='ltr'><strong>me</strong></span> <span class='ocrx_word' id='word_1_432' title='bbox 1431 1009 1469 1042; x_wconf 89' lang='lat' dir='ltr'><strong>ut</strong></span> <span class='ocrx_word' id='word_1_433' title='bbox 1491 1014 1623 1051; x_wconf 83' lang='lat' dir='ltr'><strong>purum</strong></span> <span class='ocrx_word' id='word_1_434' title='bbox 1644 1004 1761 1040; x_wconf 88' lang='lat' dir='ltr'><strong>homi-</strong></span> 
     </span>
    </p>

    <p class='ocr_par' dir='ltr' id='par_1_30' title="bbox 980 1051 1761 1099">
     <span class='ocr_line' id='line_1_78' title="bbox 980 1051 1761 1099; baseline -0.008 -5"><span class='ocrx_word' id='word_1_435' title='bbox 980 1068 1068 1094; x_wconf 89' lang='lat' dir='ltr'><strong>nem</strong></span> <span class='ocrx_word' id='word_1_436' title='bbox 1100 1054 1355 1093; x_wconf 82' lang='lat' dir='ltr'><strong>contemnitis.</strong></span> <span class='ocrx_word' id='word_1_437' title='bbox 1392 1059 1428 1090; x_wconf 91' lang='lat' dir='ltr'><strong>et</strong></span> <span class='ocrx_word' id='word_1_438' title='bbox 1466 1051 1571 1099; x_wconf 88' lang='lat' dir='ltr'><strong>quasi</strong></span> <span class='ocrx_word' id='word_1_439' title='bbox 1605 1053 1761 1098; x_wconf 89' lang='lat' dir='ltr'><strong>impium</strong></span> 
     </span>
    </p>

    <p class='ocr_par' dir='ltr' id='par_1_31' title="bbox 980 1098 1782 1195">
     <span class='ocr_line' id='line_1_79' title="bbox 980 1098 1782 1147; baseline -0.009 -6"><span class='ocrx_word' id='word_1_440' title='bbox 980 1102 1266 1146; x_wconf 86' lang='lat' dir='ltr'><strong>condeiiinatis;</strong></span> <span class='ocrx_word' id='word_1_441' title='bbox 1289 1101 1353 1138; x_wconf 86' lang='lat' dir='ltr'><strong>scd</strong></span> <span class='ocrx_word' id='word_1_442' title='bbox 1370 1104 1495 1137; x_wconf 80' lang='lat' dir='ltr'><strong>tamen</strong></span> <span class='ocrx_word' id='word_1_443' title='bbox 1511 1103 1665 1147; x_wconf 79' lang='lat' dir='ltr'><strong>propter</strong></span> <span class='ocrx_word' id='word_1_444' title='bbox 1690 1098 1782 1135; x_wconf 78' lang='lat' dir='ltr'><strong>hoc</strong></span> 
     </span>
     <span class='ocr_line' id='line_1_80' title="bbox 980 1146 1761 1195; baseline -0.009 -6"><span class='ocrx_word' id='word_1_445' title='bbox 980 1163 1040 1189; x_wconf 88' lang='lat' dir='ltr'><strong>me</strong></span> <span class='ocrx_word' id='word_1_446' title='bbox 1062 1152 1264 1188; x_wconf 82' lang='lat' dir='ltr'><strong>exaltatum</strong></span> <span class='ocrx_word' id='word_1_447' title='bbox 1289 1159 1402 1195; x_wconf 87' lang='lat' dir='ltr'><strong>super</strong></span> <span class='ocrx_word' id='word_1_448' title='bbox 1423 1158 1554 1184; x_wconf 83' lang='lat' dir='ltr'><strong>omnes</strong></span> <span class='ocrx_word' id='word_1_449' title='bbox 1576 1146 1703 1192; x_wconf 72' lang='lat' dir='ltr'><strong>coelos,</strong></span> <span class='ocrx_word' id='word_1_450' title='bbox 1726 1150 1761 1183; x_wconf 88' lang='lat' dir='ltr'><strong>et</strong></span> 
     </span>
    </p>

    <p class='ocr_par' dir='ltr' id='par_1_32' title="bbox 978 1196 1363 1237">
     <span class='ocr_line' id='line_1_81' title="bbox 978 1196 1363 1237; baseline -0.008 -2"><span class='ocrx_word' id='word_1_451' title='bbox 978 1200 1147 1237; x_wconf 84' lang='lat' dir='ltr'><strong>Judicein</strong></span> <span class='ocrx_word' id='word_1_452' title='bbox 1173 1196 1363 1234; x_wconf 89' lang='lat' dir='ltr'><strong>videbitis.</strong></span> 
     </span>
    </p>

    <p class='ocr_par' dir='ltr' id='par_1_33' title="bbox 974 1244 1816 2006">
     <span class='ocr_line' id='line_1_82' title="bbox 1026 1244 1760 1295; baseline -0.01 -10"><span class='ocrx_word' id='word_1_453' title='bbox 1026 1264 1044 1295; x_wconf 85' lang='lat'>7</span> <span class='ocrx_word' id='word_1_454' title='bbox 1065 1248 1221 1285; x_wconf 57' lang='lat' dir='ltr'><strong>Cnrnss</strong></span> <span class='ocrx_word' id='word_1_455' title='bbox 1240 1255 1463 1281; x_wconf 65' lang='lat' dir='ltr'><strong>vnsTquN‘rA</strong></span> <span class='ocrx_word' id='word_1_456' title='bbox 1484 1254 1653 1279; x_wconf 54' lang='lat' dir='ltr'><strong>somnians</strong></span> <span class='ocrx_word' id='word_1_457' title='bbox 1681 1244 1760 1279; x_wconf 91' lang='lat' dir='ltr'><strong>Do—</strong></span> 
     </span>
     <span class='ocr_line' id='line_1_83' title="bbox 978 1293 1761 1333; baseline -0.006 0"><span class='ocrx_word' id='word_1_458' title='bbox 978 1308 1090 1333; x_wconf 70' lang='lat' dir='ltr'><strong>mxcii</strong></span> <span class='ocrx_word' id='word_1_459' title='bbox 1111 1305 1341 1331; x_wconf 41' lang='lat' dir='ltr'><strong>ncitspnmuffi</strong></span> <span class='ocrx_word' id='word_1_460' title='bbox 1372 1302 1575 1328; x_wconf 65' lang='lat' dir='ltr'><strong>msninLAT.</strong></span> <span class='ocrx_word' id='word_1_461' title='bbox 1594 1311 1640 1318; x_wconf 88' lang='lat'><em>-</em></span> <span class='ocrx_word' id='word_1_462' title='bbox 1664 1293 1761 1328; x_wconf 81' lang='lat' dir='ltr'><strong>Tunc</strong></span> 
     </span>
     <span class='ocr_line' id='line_1_84' title="bbox 977 1338 1759 1390; baseline -0.008 -10"><span class='ocrx_word' id='word_1_463' title='bbox 977 1346 1145 1390; x_wconf 76' lang='lat' dir='ltr'><strong>princeps</strong></span> <span class='ocrx_word' id='word_1_464' title='bbox 1173 1341 1416 1383; x_wconf 75' lang='lat' dir='ltr'><strong>sacerdotum,</strong></span> <span class='ocrx_word' id='word_1_465' title='bbox 1445 1338 1507 1384; x_wconf 82' lang='lat' dir='ltr'><strong>qui</strong></span> <span class='ocrx_word' id='word_1_466' title='bbox 1545 1343 1759 1375; x_wconf 86' lang='lat' dir='ltr'><strong>surrexerat</strong></span> 
     </span>
     <span class='ocr_line' id='line_1_85' title="bbox 978 1387 1758 1435; baseline -0.008 -7"><span class='ocrx_word' id='word_1_467' title='bbox 978 1393 1014 1428; x_wconf 87' lang='lat' dir='ltr'><strong>iu</strong></span> <span class='ocrx_word' id='word_1_468' title='bbox 1039 1393 1180 1434; x_wconf 88' lang='lat' dir='ltr'><strong>furore,</strong></span> <span class='ocrx_word' id='word_1_469' title='bbox 1203 1388 1322 1435; x_wconf 82' lang='lat' dir='ltr'><strong>magis</strong></span> <span class='ocrx_word' id='word_1_470' title='bbox 1342 1387 1547 1430; x_wconf 61' lang='lat' dir='ltr'><strong>insaniens,</strong></span> <span class='ocrx_word' id='word_1_471' title='bbox 1572 1387 1683 1422; x_wconf 81' lang='lat' dir='ltr'><strong>scidit</strong></span> <span class='ocrx_word' id='word_1_472' title='bbox 1702 1398 1758 1422; x_wconf 69' lang='lat' dir='ltr'><strong>ve-</strong></span> 
     </span>
     <span class='ocr_line' id='line_1_86' title="bbox 975 1434 1757 1481; baseline -0.006 -5"><span class='ocrx_word' id='word_1_473' title='bbox 975 1442 1147 1476; x_wconf 74' lang='lat' dir='ltr'><strong>stimenta</strong></span> <span class='ocrx_word' id='word_1_474' title='bbox 1157 1449 1238 1481; x_wconf 78' lang='lat' dir='ltr'><strong>sua,</strong></span> <span class='ocrx_word' id='word_1_475' title='bbox 1254 1436 1291 1472; x_wconf 89' lang='lat' dir='ltr'><strong>in</strong></span> <span class='ocrx_word' id='word_1_476' title='bbox 1307 1434 1426 1479; x_wconf 85' lang='lat' dir='ltr'><strong>rabie,</strong></span> <span class='ocrx_word' id='word_1_477' title='bbox 1440 1434 1757 1480; x_wconf 77' lang='lat' dir='ltr'><strong>quia,secundum</strong></span> 
     </span>
     <span class='ocr_line' id='line_1_87' title="bbox 976 1482 1754 1531; baseline -0.008 -7"><span class='ocrx_word' id='word_1_478' title='bbox 976 1488 1125 1531; x_wconf 73' lang='lat' dir='ltr'><strong>Bedam,</strong></span> <span class='ocrx_word' id='word_1_479' title='bbox 1168 1494 1280 1531; x_wconf 82' lang='lat' dir='ltr'><strong>quem</strong></span> <span class='ocrx_word' id='word_1_480' title='bbox 1318 1483 1366 1519; x_wconf 90' lang='lat' dir='ltr'><strong>de</strong></span> <span class='ocrx_word' id='word_1_481' title='bbox 1402 1482 1496 1518; x_wconf 86' lang='lat' dir='ltr'><strong>solio</strong></span> <span class='ocrx_word' id='word_1_482' title='bbox 1528 1482 1754 1526; x_wconf 82' lang='lat' dir='ltr'><strong>sacerdotali</strong></span> 
     </span>
     <span class='ocr_line' id='line_1_88' title="bbox 976 1529 1757 1574; baseline -0.008 -2"><span class='ocrx_word' id='word_1_483' title='bbox 976 1536 1081 1572; x_wconf 87' lang='lat' dir='ltr'><strong>furor</strong></span> <span class='ocrx_word' id='word_1_484' title='bbox 1111 1535 1339 1574; x_wconf 79' lang='lat' dir='ltr'><strong>excusserat,</strong></span> <span class='ocrx_word' id='word_1_485' title='bbox 1358 1531 1533 1566; x_wconf 88' lang='lat' dir='ltr'><strong>eumdem</strong></span> <span class='ocrx_word' id='word_1_486' title='bbox 1559 1529 1683 1566; x_wconf 54' lang='lat' dir='ltr'><strong>rabies</strong></span> <span class='ocrx_word' id='word_1_487' title='bbox 1709 1530 1757 1566; x_wconf 87' lang='lat' dir='ltr'><strong>ad</strong></span> 
     </span>
     <span class='ocr_line' id='line_1_89' title="bbox 977 1576 1757 1624; baseline -0.006 -5"><span class='ocrx_word' id='word_1_488' title='bbox 977 1581 1205 1620; x_wconf 65' lang='lat' dir='ltr'><strong>scindendas</strong></span> <span class='ocrx_word' id='word_1_489' title='bbox 1220 1583 1342 1615; x_wconf 83' lang='lat' dir='ltr'><strong>vestes</strong></span> <span class='ocrx_word' id='word_1_490' title='bbox 1362 1581 1552 1624; x_wconf 78' lang='lat' dir='ltr'><strong>provocat.</strong></span> <span class='ocrx_word' id='word_1_491' title='bbox 1569 1578 1610 1613; x_wconf 89' lang='lat' dir='ltr'><strong>Et</strong></span> <span class='ocrx_word' id='word_1_492' title='bbox 1631 1576 1667 1612; x_wconf 83' lang='lat' dir='ltr'><strong>iii</strong></span> <span class='ocrx_word' id='word_1_493' title='bbox 1686 1578 1757 1614; x_wconf 85' lang='lat' dir='ltr'><strong>hoc</strong></span> 
     </span>
     <span class='ocr_line' id='line_1_90' title="bbox 978 1624 1759 1673; baseline -0.006 -7"><span class='ocrx_word' id='word_1_494' title='bbox 978 1632 1087 1673; x_wconf 79' lang='lat' dir='ltr'><strong>fai-to,</strong></span> <span class='ocrx_word' id='word_1_495' title='bbox 1111 1628 1286 1673; x_wconf 67' lang='lat' dir='ltr'><strong>caiphas,</strong></span> <span class='ocrx_word' id='word_1_496' title='bbox 1306 1625 1477 1672; x_wconf 82' lang='lat' dir='ltr'><strong>quamvis</strong></span> <span class='ocrx_word' id='word_1_497' title='bbox 1496 1624 1575 1670; x_wconf 90' lang='lat' dir='ltr'><strong>ipse</strong></span> <span class='ocrx_word' id='word_1_498' title='bbox 1596 1625 1759 1661; x_wconf 81' lang='lat' dir='ltr'><strong>nescive-</strong></span> 
     </span>
     <span class='ocr_line' id='line_1_91' title="bbox 978 1671 1757 1724; baseline -0.006 -10"><span class='ocrx_word' id='word_1_499' title='bbox 978 1678 1037 1722; x_wconf 89' lang='lat' dir='ltr'><strong>rit,</strong></span> <span class='ocrx_word' id='word_1_500' title='bbox 1058 1674 1296 1724; x_wconf 77' lang='lat' dir='ltr'><strong>prophetavit</strong></span> <span class='ocrx_word' id='word_1_501' title='bbox 1315 1673 1463 1709; x_wconf 85' lang='lat' dir='ltr'><strong>iterum.</strong></span> <span class='ocrx_word' id='word_1_502' title='bbox 1492 1671 1552 1708; x_wconf 85' lang='lat' dir='ltr'><strong>Bis</strong></span> <span class='ocrx_word' id='word_1_503' title='bbox 1572 1671 1673 1708; x_wconf 87' lang='lat' dir='ltr'><strong>enim</strong></span> <span class='ocrx_word' id='word_1_504' title='bbox 1693 1683 1757 1709; x_wconf 88' lang='lat' dir='ltr'><strong>ne-</strong></span> 
     </span>
     <span class='ocr_line' id='line_1_92' title="bbox 976 1719 1813 1770; baseline -0.007 -8"><span class='ocrx_word' id='word_1_505' title='bbox 976 1725 1099 1762; x_wconf 70' lang='lat' dir='ltr'><strong>sciens</strong></span> <span class='ocrx_word' id='word_1_506' title='bbox 1112 1721 1362 1770; x_wconf 84' lang='lat' dir='ltr'><strong>prophetavit,</strong></span> <span class='ocrx_word' id='word_1_507' title='bbox 1374 1719 1488 1756; x_wconf 90' lang='lat' dir='ltr'><strong>semel</strong></span> <span class='ocrx_word' id='word_1_508' title='bbox 1501 1720 1630 1764; x_wconf 79' lang='lat' dir='ltr'><strong>verbo,</strong></span> <span class='ocrx_word' id='word_1_509' title='bbox 1644 1730 1759 1766; x_wconf 87' lang='lat' dir='ltr'><strong>quan·</strong></span> <span class='ocrx_word' id='word_1_510' title='bbox 1810 1760 1813 1765; x_wconf 26' lang='lat' dir='ltr'>y</span> 
     </span>
     <span class='ocr_line' id='line_1_93' title="bbox 977 1760 1816 1825; baseline -0.01 -15"><span class='ocrx_word' id='word_1_511' title='bbox 977 1775 1022 1810; x_wconf 89' lang='lat' dir='ltr'><strong>do</strong></span> <span class='ocrx_word' id='word_1_512' title='bbox 1035 1772 1147 1809; x_wconf 81' lang='lat' dir='ltr'><strong>dixit:</strong></span> <span class='ocrx_word' id='word_1_513' title='bbox 1163 1768 1297 1825; x_wconf 49' lang='lat' dir='ltr'><strong>Espedit</strong></span> <span class='ocrx_word' id='word_1_514' title='bbox 1310 1773 1348 1804; x_wconf 80' lang='lat' dir='ltr'><strong>ut</strong></span> <span class='ocrx_word' id='word_1_515' title='bbox 1361 1778 1454 1803; x_wconf 77' lang='lat' dir='ltr'><strong>unus</strong></span> <span class='ocrx_word' id='word_1_516' title='bbox 1466 1769 1568 1803; x_wconf 82' lang='lat' dir='ltr'><strong>homo</strong></span> <span class='ocrx_word' id='word_1_517' title='bbox 1581 1770 1760 1803; x_wconf 78' lang='lat' dir='ltr'><strong>moriatur</strong></span> <span class='ocrx_word' id='word_1_518' title='bbox 1791 1760 1816 1783; x_wconf 54' lang='lat'><strong>*³</strong></span> 
     </span>
     <span class='ocr_line' id='line_1_94' title="bbox 974 1815 1757 1867; baseline -0.006 -10"><span class='ocrx_word' id='word_1_519' title='bbox 974 1832 1040 1867; x_wconf 83' lang='lat' dir='ltr'><strong>pro</strong></span> <span class='ocrx_word' id='word_1_520' title='bbox 1058 1820 1219 1867; x_wconf 80' lang='lat' dir='ltr'><strong>populo‚·</strong></span> <span class='ocrx_word' id='word_1_521' title='bbox 1239 1819 1358 1854; x_wconf 86' lang='lat' dir='ltr'><strong>altera</strong></span> <span class='ocrx_word' id='word_1_522' title='bbox 1378 1815 1473 1859; x_wconf 85' lang='lat' dir='ltr'><strong>vice,</strong></span> <span class='ocrx_word' id='word_1_523' title='bbox 1494 1818 1605 1859; x_wconf 86' lang='lat' dir='ltr'><strong>facto,</strong></span> <span class='ocrx_word' id='word_1_524' title='bbox 1626 1818 1665 1851; x_wconf 90' lang='lat' dir='ltr'><strong>ut</strong></span> <span class='ocrx_word' id='word_1_525' title='bbox 1689 1825 1757 1862; x_wconf 88' lang='lat' dir='ltr'><strong>pa·</strong></span> 
     </span>
     <span class='ocr_line' id='line_1_95' title="bbox 978 1864 1760 1907; baseline -0.009 -2"><span class='ocrx_word' id='word_1_526' title='bbox 978 1872 1029 1905; x_wconf 90' lang='lat' dir='ltr'><strong>tet</strong></span> <span class='ocrx_word' id='word_1_527' title='bbox 1047 1868 1085 1904; x_wconf 92' lang='lat' dir='ltr'><strong>in</strong></span> <span class='ocrx_word' id='word_1_528' title='bbox 1106 1866 1284 1903; x_wconf 86' lang='lat' dir='ltr'><strong>hocloco.</strong></span> <span class='ocrx_word' id='word_1_529' title='bbox 1300 1866 1372 1900; x_wconf 83' lang='lat' dir='ltr'><strong>Per</strong></span> <span class='ocrx_word' id='word_1_530' title='bbox 1386 1864 1457 1899; x_wconf 88' lang='lat' dir='ltr'><strong>hoc</strong></span> <span class='ocrx_word' id='word_1_531' title='bbox 1471 1867 1612 1907; x_wconf 83' lang='lat' dir='ltr'><strong>autem,</strong></span> <span class='ocrx_word' id='word_1_532' title='bbox 1626 1873 1760 1899; x_wconf 88' lang='lat' dir='ltr'><strong>secun-</strong></span> 
     </span>
     <span class='ocr_line' id='line_1_96' title="bbox 977 1910 1759 1958; baseline -0.005 -6"><span class='ocrx_word' id='word_1_533' title='bbox 977 1916 1066 1953; x_wconf 84' lang='lat' dir='ltr'><strong>dum</strong></span> <span class='ocrx_word' id='word_1_534' title='bbox 1101 1917 1374 1958; x_wconf 74' lang='lat' dir='ltr'><strong>Hieronymum,</strong></span> <span class='ocrx_word' id='word_1_535' title='bbox 1404 1910 1566 1947; x_wconf 42' lang='lat' dir='ltr'><strong>Ostendit</strong></span> <span class='ocrx_word' id='word_1_536' title='bbox 1605 1912 1759 1948; x_wconf 79' lang='lat' dir='ltr'><strong>Judaeos</strong></span> 
     </span>
     <span class='ocr_line' id='line_1_97' title="bbox 977 1957 1757 2006; baseline -0.008 -5"><span class='ocrx_word' id='word_1_537' title='bbox 977 1962 1250 2001; x_wconf 75' lang='lat' dir='ltr'><strong>sacerdotalem</strong></span> <span class='ocrx_word' id='word_1_538' title='bbox 1271 1959 1429 2006; x_wconf 82' lang='lat' dir='ltr'><strong>gloriam</strong></span> <span class='ocrx_word' id='word_1_539' title='bbox 1447 1957 1683 2005; x_wconf 81' lang='lat' dir='ltr'><strong>perdidisse3</strong></span> <span class='ocrx_word' id='word_1_540' title='bbox 1707 1962 1757 1995; x_wconf 91' lang='lat' dir='ltr'><strong>et-</strong></span> 
     </span>
    </p>
   </div>
   <div class='ocr_carea' id='block_1_26' title="bbox 971 2054 1764 2821">
    <p class='ocr_par' dir='ltr' id='par_1_34' title="bbox 971 2054 1764 2821">
     <span class='ocr_line' id='line_1_98' title="bbox 977 2054 1756 2106; baseline -0.008 -11"><span class='ocrx_word' id='word_1_541' title='bbox 977 2070 1050 2106; x_wconf 83' lang='lat' dir='ltr'><strong>quo</strong></span> <span class='ocrx_word' id='word_1_542' title='bbox 1071 2058 1282 2103; x_wconf 69' lang='lat' dir='ltr'><strong>tegebatur,</strong></span> <span class='ocrx_word' id='word_1_543' title='bbox 1299 2055 1552 2092; x_wconf 79' lang='lat' dir='ltr'><strong>velamentum</strong></span> <span class='ocrx_word' id='word_1_544' title='bbox 1569 2054 1678 2100; x_wconf 79' lang='lat' dir='ltr'><strong>Legis</strong></span> <span class='ocrx_word' id='word_1_545' title='bbox 1693 2055 1756 2090; x_wconf 90' lang='lat' dir='ltr'><strong>ab·</strong></span> 
     </span>
     <span class='ocr_line' id='line_1_99' title="bbox 971 2101 1755 2153; baseline -0.003 -13"><span class='ocrx_word' id='word_1_546' title='bbox 971 2106 1075 2153; x_wconf 71' lang='lat' dir='ltr'><strong>jecit.</strong></span> <span class='ocrx_word' id='word_1_547' title='bbox 1099 2105 1201 2142; x_wconf 89' lang='lat' dir='ltr'><strong>Unde</strong></span> <span class='ocrx_word' id='word_1_548' title='bbox 1218 2108 1255 2141; x_wconf 89' lang='lat' dir='ltr'><strong>et</strong></span> <span class='ocrx_word' id='word_1_549' title='bbox 1278 2103 1376 2140; x_wconf 80' lang='lat' dir='ltr'><strong>Beda</strong></span> <span class='ocrx_word' id='word_1_550' title='bbox 1398 2115 1408 2138; x_wconf 89' lang='lat'>:</span> <span class='ocrx_word' id='word_1_551' title='bbox 1433 2115 1450 2135; x_wconf 91' lang='lat'>«</span> <span class='ocrx_word' id='word_1_552' title='bbox 1473 2101 1607 2138; x_wconf 80' lang='lat' dir='ltr'><strong>Altiori</strong></span> <span class='ocrx_word' id='word_1_553' title='bbox 1630 2106 1755 2138; x_wconf 85' lang='lat' dir='ltr'><strong>autem</strong></span> 
     </span>
     <span class='ocr_line' id='line_1_100' title="bbox 976 2149 1756 2202; baseline -0.006 -11"><span class='ocrx_word' id='word_1_554' title='bbox 976 2154 1154 2202; x_wconf 59' lang='lat' dir='ltr'><strong>mysterio</strong></span> <span class='ocrx_word' id='word_1_555' title='bbox 1187 2153 1325 2188; x_wconf 76' lang='lat' dir='ltr'><strong>factum</strong></span> <span class='ocrx_word' id='word_1_556' title='bbox 1351 2154 1422 2193; x_wconf 89' lang='lat' dir='ltr'><strong>est,</strong></span> <span class='ocrx_word' id='word_1_557' title='bbox 1442 2153 1481 2186; x_wconf 91' lang='lat' dir='ltr'><strong>ut</strong></span> <span class='ocrx_word' id='word_1_558' title='bbox 1511 2149 1549 2184; x_wconf 92' lang='lat' dir='ltr'><strong>in</strong></span> <span class='ocrx_word' id='word_1_559' title='bbox 1575 2149 1756 2186; x_wconf 74' lang='lat' dir='ltr'><strong>Passione</strong></span> 
     </span>
     <span class='ocr_line' id='line_1_101' title="bbox 978 2198 1756 2239; baseline -0.006 -1"><span class='ocrx_word' id='word_1_560' title='bbox 978 2200 1125 2239; x_wconf 90' lang='lat' dir='ltr'><strong>Domini</strong></span> <span class='ocrx_word' id='word_1_561' title='bbox 1173 2199 1341 2236; x_wconf 79' lang='lat' dir='ltr'><strong>Pontifex</strong></span> <span class='ocrx_word' id='word_1_562' title='bbox 1381 2198 1598 2234; x_wconf 87' lang='lat' dir='ltr'><strong>Judaeornm</strong></span> <span class='ocrx_word' id='word_1_563' title='bbox 1644 2199 1756 2233; x_wconf 87' lang='lat' dir='ltr'><strong>vesti-</strong></span> 
     </span>
     <span class='ocr_line' id='line_1_102' title="bbox 978 2245 1754 2290; baseline -0.009 -4"><span class='ocrx_word' id='word_1_564' title='bbox 978 2253 1104 2286; x_wconf 85' lang='lat' dir='ltr'><strong>menta</strong></span> <span class='ocrx_word' id='word_1_565' title='bbox 1126 2259 1192 2285; x_wconf 82' lang='lat' dir='ltr'><strong>sua</strong></span> <span class='ocrx_word' id='word_1_566' title='bbox 1213 2246 1416 2290; x_wconf 89' lang='lat' dir='ltr'><strong>scinderet,</strong></span> <span class='ocrx_word' id='word_1_567' title='bbox 1435 2245 1504 2281; x_wconf 90' lang='lat' dir='ltr'><strong>hoc</strong></span> <span class='ocrx_word' id='word_1_568' title='bbox 1525 2248 1581 2280; x_wconf 88' lang='lat' dir='ltr'><strong>est</strong></span> <span class='ocrx_word' id='word_1_569' title='bbox 1600 2245 1754 2290; x_wconf 80' lang='lat' dir='ltr'><strong>Ephod:</strong></span> 
     </span>
     <span class='ocr_line' id='line_1_103' title="bbox 977 2291 1757 2339; baseline -0.008 -5"><span class='ocrx_word' id='word_1_570' title='bbox 977 2308 1060 2334; x_wconf 84' lang='lat' dir='ltr'><strong>cum</strong></span> <span class='ocrx_word' id='word_1_571' title='bbox 1088 2295 1214 2333; x_wconf 84' lang='lat' dir='ltr'><strong>tunica</strong></span> <span class='ocrx_word' id='word_1_572' title='bbox 1237 2295 1383 2331; x_wconf 89' lang='lat' dir='ltr'><strong>Domini</strong></span> <span class='ocrx_word' id='word_1_573' title='bbox 1412 2303 1479 2329; x_wconf 91' lang='lat' dir='ltr'><strong>nec</strong></span> <span class='ocrx_word' id='word_1_574' title='bbox 1505 2293 1552 2329; x_wconf 88' lang='lat' dir='ltr'><strong>ab</strong></span> <span class='ocrx_word' id='word_1_575' title='bbox 1581 2291 1671 2337; x_wconf 82' lang='lat' dir='ltr'><strong>ipsis</strong></span> <span class='ocrx_word' id='word_1_576' title='bbox 1696 2292 1757 2339; x_wconf 83' lang='lat' dir='ltr'><strong>qui</strong></span> 
     </span>
     <span class='ocr_line' id='line_1_104' title="bbox 978 2339 1760 2387; baseline -0.009 -6"><span class='ocrx_word' id='word_1_577' title='bbox 978 2356 1062 2382; x_wconf 84' lang='lat' dir='ltr'><strong>cum</strong></span> <span class='ocrx_word' id='word_1_578' title='bbox 1093 2343 1312 2380; x_wconf 80' lang='lat' dir='ltr'><strong>crucifixere</strong></span> <span class='ocrx_word' id='word_1_579' title='bbox 1339 2339 1522 2377; x_wconf 87' lang='lat' dir='ltr'><strong>militibus</strong></span> <span class='ocrx_word' id='word_1_580' title='bbox 1544 2339 1662 2376; x_wconf 85' lang='lat' dir='ltr'><strong>scindi</strong></span> <span class='ocrx_word' id='word_1_581' title='bbox 1685 2350 1760 2387; x_wconf 90' lang='lat' dir='ltr'><strong>po—</strong></span> 
     </span>
     <span class='ocr_line' id='line_1_105' title="bbox 980 2387 1763 2437; baseline -0.006 -8"><span class='ocrx_word' id='word_1_582' title='bbox 980 2391 1104 2429; x_wconf 86' lang='lat' dir='ltr'><strong>tuerit.</strong></span> <span class='ocrx_word' id='word_1_583' title='bbox 1124 2391 1377 2437; x_wconf 79' lang='lat' dir='ltr'><strong>Figurabatiir</strong></span> <span class='ocrx_word' id='word_1_584' title='bbox 1397 2387 1499 2425; x_wconf 87' lang='lat' dir='ltr'><strong>enim</strong></span> <span class='ocrx_word' id='word_1_585' title='bbox 1520 2388 1620 2434; x_wconf 88' lang='lat' dir='ltr'><strong>quod</strong></span> <span class='ocrx_word' id='word_1_586' title='bbox 1642 2398 1763 2424; x_wconf 79' lang='lat' dir='ltr'><strong>sacer-</strong></span> 
     </span>
     <span class='ocr_line' id='line_1_106' title="bbox 979 2435 1762 2482; baseline -0.005 -6"><span class='ocrx_word' id='word_1_587' title='bbox 979 2440 1122 2477; x_wconf 86' lang='lat' dir='ltr'><strong>dotium</strong></span> <span class='ocrx_word' id='word_1_588' title='bbox 1157 2438 1403 2482; x_wconf 85' lang='lat' dir='ltr'><strong>Judaeorum,</strong></span> <span class='ocrx_word' id='word_1_589' title='bbox 1438 2446 1507 2482; x_wconf 85' lang='lat' dir='ltr'><strong>pro</strong></span> <span class='ocrx_word' id='word_1_590' title='bbox 1556 2435 1762 2472; x_wconf 71' lang='lat' dir='ltr'><strong>sceleribus</strong></span> 
     </span>
     <span class='ocr_line' id='line_1_107' title="bbox 979 2483 1764 2535; baseline -0.005 -11"><span class='ocrx_word' id='word_1_591' title='bbox 979 2487 1202 2535; x_wconf 82' lang='lat' dir='ltr'><strong>pontificum</strong></span> <span class='ocrx_word' id='word_1_592' title='bbox 1235 2487 1334 2522; x_wconf 84' lang='lat' dir='ltr'><strong>esset</strong></span> <span class='ocrx_word' id='word_1_593' title='bbox 1366 2483 1632 2526; x_wconf 81' lang='lat' dir='ltr'><strong>scindendum,</strong></span> <span class='ocrx_word' id='word_1_594' title='bbox 1666 2488 1702 2519; x_wconf 92' lang='lat' dir='ltr'><strong>et</strong></span> <span class='ocrx_word' id='word_1_595' title='bbox 1741 2493 1764 2520; x_wconf 86' lang='lat' dir='ltr'><strong>a</strong></span> 
     </span>
     <span class='ocr_line' id='line_1_108' title="bbox 980 2530 1763 2579; baseline -0.008 -7"><span class='ocrx_word' id='word_1_596' title='bbox 980 2540 1078 2572; x_wconf 81' lang='lat' dir='ltr'><strong>statu</strong></span> <span class='ocrx_word' id='word_1_597' title='bbox 1108 2545 1186 2571; x_wconf 81' lang='lat' dir='ltr'><strong>suae</strong></span> <span class='ocrx_word' id='word_1_598' title='bbox 1219 2531 1447 2579; x_wconf 85' lang='lat' dir='ltr'><strong>integritatis</strong></span> <span class='ocrx_word' id='word_1_599' title='bbox 1473 2530 1694 2567; x_wconf 80' lang='lat' dir='ltr'><strong>solvendum</strong></span> <span class='ocrx_word' id='word_1_600' title='bbox 1727 2534 1763 2566; x_wconf 89' lang='lat' dir='ltr'><strong>et</strong></span> 
     </span>
     <span class='ocr_line' id='line_1_109' title="bbox 980 2578 1761 2626; baseline -0.009 -6"><span class='ocrx_word' id='word_1_601' title='bbox 980 2582 1249 2626; x_wconf 60' lang='lat' dir='ltr'><strong>auferendum</strong></span> <span class='ocrx_word' id='word_1_602' title='bbox 1268 2590 1354 2617; x_wconf 89' lang='lat' dir='ltr'><strong>cum</strong></span> <span class='ocrx_word' id='word_1_603' title='bbox 1377 2578 1547 2616; x_wconf 87' lang='lat' dir='ltr'><strong>soliditas</strong></span> <span class='ocrx_word' id='word_1_604' title='bbox 1570 2578 1761 2622; x_wconf 78' lang='lat' dir='ltr'><strong>Ecclesiae,</strong></span> 
     </span>
     <span class='ocr_line' id='line_1_110' title="bbox 980 2625 1761 2676; baseline -0.009 -9"><span class='ocrx_word' id='word_1_605' title='bbox 980 2642 1046 2667; x_wconf 91' lang='lat' dir='ltr'><strong>seu</strong></span> <span class='ocrx_word' id='word_1_606' title='bbox 1069 2629 1171 2671; x_wconf 83' lang='lat' dir='ltr'><strong>fidei,</strong></span> <span class='ocrx_word' id='word_1_607' title='bbox 1191 2639 1277 2676; x_wconf 87' lang='lat' dir='ltr'><strong>quae</strong></span> <span class='ocrx_word' id='word_1_608' title='bbox 1298 2627 1411 2664; x_wconf 84' lang='lat' dir='ltr'><strong>vestis</strong></span> <span class='ocrx_word' id='word_1_609' title='bbox 1432 2626 1496 2663; x_wconf 91' lang='lat' dir='ltr'><strong>Dei</strong></span> <span class='ocrx_word' id='word_1_610' title='bbox 1519 2625 1615 2662; x_wconf 92' lang='lat' dir='ltr'><strong>solet</strong></span> <span class='ocrx_word' id='word_1_611' title='bbox 1633 2625 1761 2672; x_wconf 74' lang='lat' dir='ltr'><strong>appi—l-</strong></span> 
     </span>
     <span class='ocr_line' id='line_1_111' title="bbox 980 2673 1761 2724; baseline -0.01 -9"><span class='ocrx_word' id='word_1_612' title='bbox 980 2678 1064 2723; x_wconf 87' lang='lat' dir='ltr'><strong>lari,</strong></span> <span class='ocrx_word' id='word_1_613' title='bbox 1087 2687 1293 2724; x_wconf 88' lang='lat' dir='ltr'><strong>numquam</strong></span> <span class='ocrx_word' id='word_1_614' title='bbox 1313 2675 1436 2712; x_wconf 87' lang='lat' dir='ltr'><strong>valeat</strong></span> <span class='ocrx_word' id='word_1_615' title='bbox 1455 2673 1589 2718; x_wconf 88' lang='lat' dir='ltr'><strong>scindi,</strong></span> <span class='ocrx_word' id='word_1_616' title='bbox 1611 2675 1667 2710; x_wconf 82' lang='lat' dir='ltr'><strong>vel</strong></span> <span class='ocrx_word' id='word_1_617' title='bbox 1689 2673 1761 2708; x_wconf 82' lang='lat' dir='ltr'><strong>dis-</strong></span> 
     </span>
     <span class='ocr_line' id='line_1_112' title="bbox 981 2721 1759 2773; baseline -0.01 -10"><span class='ocrx_word' id='word_1_618' title='bbox 981 2725 1119 2773; x_wconf 90' lang='lat' dir='ltr'><strong>rumpi.</strong></span> <span class='ocrx_word' id='word_1_619' title='bbox 1146 2726 1223 2762; x_wconf 87' lang='lat' dir='ltr'><strong>Hoc</strong></span> <span class='ocrx_word' id='word_1_620' title='bbox 1255 2727 1312 2761; x_wconf 88' lang='lat' dir='ltr'><strong>est</strong></span> <span class='ocrx_word' id='word_1_621' title='bbox 1341 2725 1420 2771; x_wconf 89' lang='lat' dir='ltr'><strong>jam</strong></span> <span class='ocrx_word' id='word_1_622' title='bbox 1448 2721 1565 2759; x_wconf 86' lang='lat' dir='ltr'><strong>oculis</strong></span> <span class='ocrx_word' id='word_1_623' title='bbox 1589 2730 1759 2763; x_wconf 85' lang='lat' dir='ltr'><strong>cernere,</strong></span> 
     </span>
     <span class='ocr_line' id='line_1_113' title="bbox 982 2767 1759 2821; baseline -0.013 -10"><span class='ocrx_word' id='word_1_624' title='bbox 982 2774 1069 2821; x_wconf 84' lang='lat' dir='ltr'><strong>quia</strong></span> <span class='ocrx_word' id='word_1_625' title='bbox 1088 2772 1258 2810; x_wconf 89' lang='lat' dir='ltr'><strong>videmus</strong></span> <span class='ocrx_word' id='word_1_626' title='bbox 1275 2772 1429 2809; x_wconf 84' lang='lat' dir='ltr'><strong>Judaeos</strong></span> <span class='ocrx_word' id='word_1_627' title='bbox 1449 2768 1647 2807; x_wconf 86' lang='lat' dir='ltr'><strong>sacerdotii</strong></span> <span class='ocrx_word' id='word_1_628' title='bbox 1671 2767 1759 2813; x_wconf 79' lang='lat' dir='ltr'><strong>glo-</strong></span> 
     </span>
    </p>
   </div>
  </div>
 </body>
</html>
