1872 3147
342 153 392 186 bh
432 151 563 185 t’tttitu
599 148 916 189 (mamburnum,
962 150 998 180 ix·
1041 150 1250 182 trisstuxlt
1293 150 1461 181 buittxt.

92 234 177 261 ores
197 233 316 269 usque
335 222 407 258 hue
427 221 581 265 adduxi,
601 223 641 257 ut
661 218 869 256 collabore-

90 271 140 308 tis
160 281 305 307 mecum
325 268 363 305 in
391 268 528 315 vigiliis
554 272 591 305 et
609 265 865 309 orationibus;

93 318 158 356 sed
180 318 266 354 nolu
286 327 350 353 vos
375 315 551 363 progredi
580 313 749 353 ulterius,
773 322 867 349 non-

92 366 181 403 dum
201 364 303 402 enim
327 364 499 411 potestis.
528 365 684 409 Propter
698 361 769 397 hoc
793 370 870 395 ma-

93 417 181 450 nete
202 411 262 448 hie
282 412 494 458 vigilantes,
513 410 610 447 sicut
633 414 670 445 et
690 419 759 454 ego
780 406 869 453 vigi-

94 461 146 505 lo,
181 463 217 496 et
249 459 524 506 unusquisque,
559 457 597 493 in
634 457 754 503 gradu
792 465 869 490 sure

93 506 306 544 vocationis
324 506 534 549 ‹·onsistat;
566 503 654 551 quia
675 506 712 539 et
745 502 870 538 omnis

94 554 231 603 gratia,
256 554 428 600 quamvis
450 562 587 598 magna
606 550 730 591 fuerit,
758 559 866 595 supe-

94 602 235 639 riorem
256 603 382 638 habet.
402 604 448 637 Et
462 608 674 647 p1·09ressus
690 600 743 634 est
761 598 806 633 ab
819 596 871 632 eis

92 651 287 697 pusillum,
303 648 458 692 seilicet,
483 651 659 693 quantum
675 645 800 691 jactus
819 647 874 680 est

95 697 237 743 lapidis
266 700 313 735 et,
333 697 465 742 positis
486 694 636 739 qenibus
643 718 730 735 ......
750 693 870 738 proci-

97 744 153 780 dit
174 746 214 779 in
235 745 370 787 faeiem
388 753 508 786 suam,
527 751 639 787 super
658 744 814 782 terram,
832 741 873 775 ut

95 790 348 828 humilitatem
380 794 517 826 mentis
551 788 767 825 ostenderet
806 787 871 822 ba-

96 838 176 876 bitu
201 838 383 885 corporis,
406 841 442 874 et
462 837 591 873 orabat
611 835 737 879 corde,
750 835 873 870 dicens

97 897 163 923 ore
181 897 190 922 :
213 887 321 922 Abba
332 887 452 929 Pater,
467 883 556 932 quia
571 885 694 920 omnia
708 883 778 918 tibi
796 892 875 927 pos-

95 935 225 970 sibilia
245 937 392 971 sunt....
420 934 454 968 si
478 932 651 978 possibile
682 934 748 973 est,
773 929 876 965 salva

101 980 352 1028 congruentia
382 978 654 1026 redemptionis
687 979 874 1020 humanm,

98 1039 142 1066 ae
179 1028 209 1064 si
239 1028 400 1065 moritur
425 1038 541 1067 mors,
573 1036 632 1062 me
667 1025 875 1062 secundum

99 1086 252 1112 carnem
272 1087 346 1112 non
365 1074 564 1118 moriente,
581 1075 743 1116 eminis,
762 1076 880 1108 trans-

97 1125 156 1168 fer
181 1125 328 1160 calicem
353 1123 466 1167 hunc,
490 1121 526 1157 id
554 1125 611 1157 est
636 1120 878 1167 experimen—

101 1174 179 1208 tum
209 1170 412 1214 Passionis,
432 1181 455 1205 a
473 1180 541 1205 me.
571 1166 682 1212 Quasi
705 1168 846 1203 diceret
868 1178 876 1202 :

101 1218 138 1255 Si
158 1218 336 1265 possibile
357 1221 414 1254 est
440 1216 522 1253 sine
543 1219 664 1252 morte
686 1225 769 1251 mea
788 1218 879 1250 tem-

98 1266 219 1313 porali
238 1265 374 1302 salvari
392 1265 744 1311 genushumanum‚
760 1266 879 1298 traus-

101 1314 158 1350 ser
183 1313 337 1350 calicem
361 1322 502 1349 aniarae
543 1312 734 1347 Pass1onis
762 1320 784 1346 a
805 1320 877 1346 me.

100 1363 173 1398 Per
187 1362 398 1398 orationem
411 1359 597 1397 offerebat
611 1357 784 1405 spiritum
802 1358 878 1393 Deo

101 1408 218 1454 Patri,
246 1419 332 1455 quae
353 1408 504 1455 quidem
537 1408 673 1450 oratio,
695 1416 738 1441 ex
764 1404 880 1452 pluri-

101 1456 174 1494 bus
199 1455 411 1493 ostenditur
426 1455 594 1502 perfecta
611 1465 618 1489 :
641 1454 778 1500 primo,
792 1452 881 1499 quia

102 1503 272 1541 solitaria
293 1507 388 1545 erat,
411 1508 468 1539 est
491 1501 590 1538 enim
610 1499 732 1537 oratio
755 1501 879 1536 eleva-

105 1551 155 1588 tio
178 1551 315 1587 mentis
341 1553 378 1586 in
398 1552 533 1594 Deum,
555 1548 656 1595 quod
682 1547 817 1584 melius
838 1548 880 1583 sit

102 1599 253 1646 quando
299 1599 412 1634 homo
446 1604 501 1634 est
537 1598 794 1643 sequestratus
833 1595 879 1632 ab

102 1646 212 1690 aliis3
236 1646 415 1687 secundo,
436 1644 526 1690 quia
550 1642 720 1687 humilis,
739 1652 822 1679 cum
841 1642 880 1678 in

102 1694 238 1730 faeiem
274 1703 382 1730 suam
416 1690 604 1739 procidit;
636 1689 764 1735 tertio,
791 1689 880 1736 quia

103 1742 252 1785 devota,
268 1751 354 1777 cum
374 1743 420 1776 ad
446 1740 564 1776 Deum
584 1739 735 1774 Patrem
756 1747 881 1773 recur-

100 1790 150 1826 rit
167 1800 177 1835 ;
202 1792 351 1836 quarto,
368 1786 455 1834 quia
474 1790 591 1830 reeta,
609 1794 694 1822 eum
713 1784 881 1821 volunta-

102 1840 175 1873 tem
193 1846 301 1873 suam
316 1835 499 1872 voluntati
514 1833 652 1870 divinae
670 1832 877 1877 submittit;

63 1890 65 1898 ’
101 1884 251 1969 guinto,
273 1883 363 1930 quia
382 1881 594 1925 caritativa,
623 1891 708 1917 curn
727 1879 880 1916 interim

61 1931 63 1934 ⁴
130 1934 262 1968 ulciter
283 1930 488 1976 discipulos
515 1928 692 1965 visitavit.
720 1928 764 1964 Et
793 1927 881 1974 quia

101 1979 193 2017 dicit
214 1991 222 2016 z
255 1979 362 2015 Abba
379 1980 502 2022 Pater,
528 1976 727 2023 utriusque
750 1975 881 2023 populi

102 2029 254 2064 Patrem
274 2029 313 2063 et
329 2026 563 2062 Salvatorem
584 2026 701 2060 Deum
727 2033 807 2060 es=e
828 2023 881 2059 in-

101 2075 185 2112 nuit
206 2077 242 2110 et
262 2073 442 2110 ostendit.
467 2073 570 2109 Idem
604 2071 705 2108 euim
737 2070 879 2119 signifi-

103 2128 162 2159 cat
187 2122 310 2167 Abba,
338 2121 438 2168 quod
464 2124 592 2167 pater:
617 2119 682 2155 sed
702 2118 809 2156 Abba
825 2123 882 2156 est

102 2171 317 2215 Hebraeum,
340 2172 448 2216 pater
466 2177 554 2204 vero
573 2167 744 2204 Graecum
761 2169 797 2203 et
818 2168 883 2203 La-

101 2217 234 2254 tinum.
259 2218 356 2264 Ergo
379 2220 537 2262 utroque
557 2225 702 2261 primus
718 2214 797 2261 ipse
816 2214 882 2251 in·-

101 2269 223 2305 vocat.
246 2268 286 2301 ut
305 2268 511 2310 utrumque
534 2262 715 2309 populum
734 2263 771 2298 in
795 2273 883 2299 eum

103 2311 358 2356 crediturum,
391 2314 428 2348 et
455 2311 502 2347 ab
532 2315 693 2356 utroque
716 2320 801 2346 eum
824 2309 883 2346 in-

104 2359 318 2397 vocandum
341 2369 422 2396 esse
451 2359 598 2402 doceat,
620 2357 709 2404 quia
735 2368 805 2393 non
833 2361 885 2394 est

103 2408 292 2444 distinctio
307 2407 426 2443 Judaez·
443 2410 476 2442 et
495 2406 621 2442 Graeei.
637 2404 743 2448 Quod
759 2409 884 2442 autem

103 2455 196 2491 dicit
220 2467 227 2492 z
257 2456 300 2491 Si
318 2454 495 2501 possibile
520 2456 586 2497 est,
612 2453 660 2488 ad
675 2452 885 2499 potentiam

105 2503 170 2539 Dei
185 2503 330 2549 pariter
350 2505 387 2538 et
403 2500 589 2548 justitiam
608 2500 739 2545 refert,
756 2500 886 2547 quoni-

105 2560 167 2587 am
187 2554 371 2596 quantum
385 2547 624 2595 adjustitiam
641 2548 721 2594 eJus
733 2548 886 2595 quinon

103 2598 226 2635 solum
248 2601 382 2644 potens
403 2599 473 2635 est.
495 2595 563 2632 sed
599 2596 712 2631 etiam
747 2596 885 2643 μεως,

102 2655 178 2682 non
199 2649 288 2681 suut
307 2642 503 2691 possibilia
519 2641 591 2678 uisi
613 2652 658 2679 ea
679 2653 765 2689 quae
780 2645 887 2690 Justa

105 2695 202 2730 sunt.
227 2692 331 2729 Unde
362 2696 398 2728 set
429 2699 539 2727 verus
561 2690 674 2726 homo
705 2691 885 2728 horrebat

105 2744 281 2786 mortem,
322 2743 360 2777 et
399 2738 594 2775 voluntate
631 2738 886 2776 sensualitatis

107 2788 220 2826 vellet
236 2799 312 2825 non
334 2786 446 2830 mori,
470 2785 500 2822 si
523 2785 570 2821 de
593 2785 742 2830 iustitia
763 2790 888 2833 posset

926 2541 929 2555 Ι
962 2504 1085 2540 tates!
1118 2504 1224 2541 Unde
1262 2507 1497 2551 Auyustinus

1686 153 1720 183 15

945 219 1039 255 lieri.
1077 220 1245 256 Habebat
1269 223 1394 256 autem
1409 218 1557 266 justitia
1582 220 1716 267 Patris,

945 269 982 319 ut
1001 267 1170 303 Christus
1199 269 1409 313 pateretui,
1430 271 1467 303 et
1487 277 1510 303 a
1535 268 1717 304 eonstitu-

944 317 1045 350 tione
1063 314 1191 350 muudi
1206 315 1276 351 hoc
1292 318 1431 351 nostrae
1446 314 1576 350 salutis
1599 326 1721 352 sacru-

947 365 1113 397 mentum
1152 365 1232 397 erat
1269 362 1314 398 ab
1353 373 1398 399 eo
1433 366 1717 409 praeostensum.

946 409 1132 462 Angustia
1150 419 1240 454 ergo
1277 410 1422 454 mortis,
1451 415 1485 446 et
1519 410 1722 448 tolerantia

946 466 1132 503 passionis
1161 466 1237 492 non
1266 458 1437 502 pla‹·ebat
1470 457 1619 494 Christo
1654 469 1721 505 pei·

947 513 1000 542 se.
1023 506 1059 539 et
1093 507 1283 549 tamquam
1315 503 1400 540 finis
1423 504 1483 550 qni
1513 516 1578 550 per
1598 517 1638 542 se
1660 517 1722 553 ap-

946 551 1101 597 petitur.
1115 552 1197 587 ideo
1217 550 1640 598 simpliciterloqu‹=ndo
1662 564 1723 598 pa-

947 598 972 634 ti
995 598 1172 642 nolebat;
1197 598 1261 634 sed
1295 602 1450 644 propter
1467 600 1719 637 obedientiam

951 645 1085 690 Patris,
1123 649 1160 682 et
1192 645 1350 681 salutem
1386 644 1539 682 humani
1572 649 1722 692 generis

947 693 1159 740 pastionem
1177 696 1214 729 et
1236 697 1395 729 mortem
1413 693 1624 731 voluntarie
1643 707 1722 733 sus-

950 740 1107 785 tinebat,
1130 740 1224 777 sicut
1246 741 1420 777 infirmus
1440 740 1650 779 voluntarie
1670 755 1725 781 re-

951 787 1240 835 cipitpotionem
1255 787 1547 834 amarissimam,
1563 800 1633 825 uon
1649 802 1728 837 pro-

950 839 1034 883 pter
1057 836 1337 882 potionem‚serl
1353 840 1507 883 propter
1522 836 1724 875 sanitatem

952 885 1271 929 consequendam.
1312 885 1398 920 l-Iaee
1440 885 1616 920 voluntas
1652 897 1724 923 nou

953 930 1139 968 moriendi
1180 930 1365 978 gloriosos
1408 932 1590 978 Martyres
1625 934 1725 971 facil.

955 981 1033 1015 Non
1047 980 1147 1015 enim
1158 979 1234 1015 vult
1249 989 1383 1015 sensus
1400 980 1524 1015 carnis
1544 980 1610 1015 nisi
1628 983 1725 1028 quod

955 1026 1116 1063 delectat
1135 1037 1144 1069 3
1167 1025 1197 1062 si
1216 1030 1341 1063 autem
1354 1026 1557 1064 delectaret
1570 1038 1635 1065 eos
1654 1041 1729 1067 mo-

954 1076 999 1113 ri,
1023 1084 1098 1110 non
1118 1073 1207 1110 inde
1236 1073 1350 1111 vider«
1367 1079 1455 1110 ntur
1473 1075 1623 1112 mereri.
1659 1078 1728 1115 Sed

956 1120 1047 1167 quia
1066 1121 1162 1174 hane
1189 1122 1421 1174 yoluntatem
1444 1133 1517 1159 non
1541 1125 1725 1163 moriendi

956 1171 1032 1222 Deo
1068 1169 1287 1215 subjiciunt,
1309 1173 1345 1205 et
1367 1171 1467 1217 quod
1509 1175 1732 1212 naturaliter

956 1218 1118 1263 fugiunt,
1151 1221 1305 1263 propter
1330 1219 1448 1255 Deum
1484 1221 1628 1266 volunt,
1647 1222 1730 1259 ideo

957 1270 1166 1318 merentur.
1191 1265 1297 1301 Unde
1326 1269 1363 1302 et
1395 1266 1567 1305 Christus
1589 1270 1729 1313 subdit,

958 1313 1087 1348 dicens
1111 1322 1120 1347 ε
1149 1312 1221 1348 Sed
1243 1323 1314 1348 non
1335 1315 1432 1359 quod
1458 1326 1520 1360 ego
1546 1318 1641 1364 volo,
1665 1320 1732 1354 bu-

958 1370 1071 1413 mano
1105 1360 1270 1405 affectu;
1305 1362 1369 1397 sed
1407 1365 1504 1408 quod
1542 1369 1593 1400 tu.
1627 1367 1732 1410 Quod

958 1418 1058 1444 enim
1074 1419 1116 1443 ex
1128 1408 1294 1444 humana
1307 1407 1528 1448 infirmitate
1542 1413 1734 1460 trepidan-

957 1461 1016 1492 ter
1044 1458 1235 1499 renuerat‚
1271 1461 1464 1494 revertens
1494 1461 1530 1495 in
1551 1460 1731 1508 seipsum,

958 1513 1026 1556 per
1039 1502 1295 1539 obedientiam
1309 1509 1344 1539 et
1355 1505 1615 1544 tortitudinem
1626 1520 1710 1546 men
1725 1532 1730 1535 -

956 1555 1005 1586 tis
1035 1550 1249 1586 confirmat.
1273 1552 1368 1596 Non,
1393 1551 1528 1600 inquit,
1569 1557 1637 1592 bot:
1667 1558 1732 1594 fiat

958 1598 1058 1644 quod
1074 1598 1240 1651 humano
1260 1598 1396 1636 ass'eetu
1416 1600 1551 1647 loquor
1569 1614 1577 1647 ;
1598 1605 1661 1640 setl
1684 1605 1732 1641 ad

958 1645 1060 1692 quod
1093 1656 1229 1682 mlxsus
1251 1657 1348 1691 sum,
1377 1652 1414 1684 et
1444 1654 1599 1696 propter
1629 1653 1729 1697 quod

956 1693 1004 1729 ad
1038 1694 1173 1746 terras,
1204 1696 1269 1730 tua
1304 1693 1498 1732 voluntate
1539 1697 1731 1735 descendi.

956 1741 1060 1778 Unde
1077 1740 1166 1776 alibi
1181 1740 1272 1777 dieit
1290 1753 1299 1777 τ
1317 1744 1491 1779 Descendi
1505 1745 1549 1780 de
1565 1748 1648 1782 coelo
1665 1759 1734 1784 non

954 1792 994 1824 ut
1019 1789 1158 1832 faciam
1184 1790 1406 1826 voluntatem
1434 1802 1561 1834 meam,
1597 1794 1738 1832 scilicet

956 1847 1071 1882 quam
1094 1837 1355 1883 temporaliter
1373 1839 1517 1886 sumpsi
1549 1852 1592 1877 ex
1612 1842 1733 1890 Virgi-

956 1894 1003 1920 ne
1024 1894 1032 1919 :
1055 1884 1118 1920 sed
1139 1885 1362 1921 voluntatem
1379 1886 1457 1932 ejus
1479 1889 1544 1933 qui
1564 1901 1618 1925 me
1636 1892 1737 1926 misit

957 1932 1210 1985 Patr-isquam
1226 1932 1402 1970 videlicet
1418 1945 1653 1974 communem
1675 1938 1738 1975 ha-

956 1979 1020 2016 bui
1056 1984 1221 2017 aeternus
1263 1992 1348 2018 cum
1389 1983 1514 2028 Patre,
1553 1988 1587 2021 et
1625 1995 1737 2033 quam

958 2037 1108 2074 semper
1130 2028 1298 2074 approbo
1317 2029 1454 2067 animae
1475 2031 1635 2070 ratione.
1656 2034 1737 2070 Non

958 2085 1204 2128 meamhnon
1232 2077 1447 2124 propriam;
1486 2090 1562 2116 non
1599 2091 1737 2125 meam,

958 2133 1036 2176 non
1058 2123 1140 2158 Filu
1168 2124 1347 2170 hominis,
1390 2137 1466 2162 non
1498 2137 1635 2173 meam,
1658 2139 1740 2176 qua:

957 2174 1110 2224 reststat
1133 2171 1276 2208 Deo.Et
1298 2173 1426 2220 utique
1444 2175 1618 2212 voluntas
1633 2177 1739 2213 Chri-

959 2221 1005 2254 sti
1029 2228 1103 2254 non
1140 2223 1221 2255 erat
1246 2221 1437 2258 contraria
1468 2223 1649 2260 v··luntati
1677 2227 1740 2261 Pa-

959 2267 1028 2302 tris
1047 2266 1132 2309 ;sed
1149 2266 1216 2320 qui,
1231 2271 1386 2304 venerat
1398 2270 1658 2318 obedientiam
1674 2272 1739 2309 ‹lo-

959 2323 1060 2357 cere,
1080 2323 1172 2366 'non
1209 2315 1442 2352 inveniretur
1483 2318 1678 2358 obediens,
1708 2319 1736 2357 si

961 2361 1316 2414 propriam-faceret
1335 2362 1578 2402 voluntatem.
1591 2367 1740 2411 Quanto

962 2419 1050 2461 ergo
1069 2419 1270 2462 magis-nos
1295 2421 1369 2447 non
1389 2411 1646 2458 judicabimur
1667 2415 1741 2451 ob-

962 2455 1147 2500 edmntes,
1176 2467 1205 2492 Sl
1228 2458 1385 2495 tacimus
1405 2462 1578 2507 proprias
1614 2462 1742 2499 volun<

1019 2550 1026 2557 ο
1151 2551 1157 2557 .
1186 2551 1193 2558 ⁸
1531 2520 1539 2544 :
1579 2523 1598 2543 «
1626 2509 1741 2546 Filius

962 2561 1095 2587 unicus
1123 2551 1213 2588 dicit
1237 2564 1245 2588 :
1272 2555 1353 2591 Non
1375 2566 1495 2600 quaero
1519 2557 1741 2593 voluntatem

962 2609 1107 2643 meczm3
1144 2603 1181 2636 et
1219 2599 1394 2638 homines
1446 2603 1578 2640 volunt
1619 2605 1741 2641 facere

962 2646 1195 2684 voluntatem
1213 2659 1318 2684 suam
1336 2649 1344 2685 l
1363 2650 1427 2686 llle
1451 2654 1596 2688 tanturn
1617 2663 1657 2689 se
1679 2654 1743 2688 bu-

927 2719 929 2729 i
964 2692 1098 2739 miliat,
1117 2694 1180 2742 qui
1199 2699 1255 2731 est
1275 2697 1433 2743 aequalis
1457 2699 1558 2735 Patri
1577 2711 1586 2744 ;
1603 2704 1639 2735 et
1658 2704 1740 2736 tau-

926 2748 928 2775 !
962 2745 1042 2778 tum
1067 2753 1106 2778 se
1142 2742 1299 2797 extollit,
1333 2745 1396 2791 qui
1418 2745 1458 2782 in
1478 2746 1554 2784 imo
1571 2748 1686 2794 jacet,
1707 2751 1744 2783 et

965 2788 1036 2826 uisi
1052 2800 1185 2826 manus
1194 2801 1226 2827 ei
1246 2791 1465 2839 porrigatur
1474 2805 1548 2830 non
1562 2793 1685 2840 surgit
1698 2794 1706 2830 l
1723 2808 1740 2826 n
