1924 3157
293 163 345 198 DE
381 162 609 197 CONCURSU

132 238 218 285 post
242 235 575 272 Resurrectionem
597 233 762 279 Angelus
783 233 910 275 magni

133 283 279 321 consilii
300 283 502 330 Scripturae
531 282 794 318 difficultatem
822 292 910 328 ape—

131 331 219 368 ruit.
253 331 373 374 Unde‚
396 331 605 367 secundum
628 330 777 373 Beatam,
799 340 910 366 revo-

130 378 222 415 lutio
236 378 371 425 lapidis
388 378 541 425 mystice
555 376 832 414 revolutionem
849 377 911 414 Sa-

130 431 412 463 eramentorum
435 425 589 467 Christi,
622 435 706 471 quae
725 424 912 461 velamine

130 473 266 510 litterae
301 473 434 520 legalis
461 474 676 517 tegebatur,
717 472 909 516 insinuat;

129 522 201 558 Lex
226 521 328 558 enim
366 521 402 557 in
430 521 555 567 lapide
587 518 729 565 scripta
765 519 847 564 l'uit,
875 523 912 555 et

132 569 216 605 ideo
235 579 302 616 per
328 568 491 616 lapid··m
511 567 745 613 designatur.
775 568 831 610 Et,
853 577 910 602 se-

131 616 292 653 cundum
325 616 515 660 eumdem,
554 616 719 658 Angelus
755 614 912 650 sedebat

132 675 246 711 super
272 663 449 708 lapidem,
487 673 564 709 quo
600 666 738 698 ostium
779 672 912 698 monu-

131 712 248 748 menti
269 711 530 754 claudebatur,
555 714 593 745 ut
616 710 783 746 claustra
816 709 911 745 inse-

130 770 258 795 rorum
285 769 354 795 sua
385 758 509 805 ipsum
536 758 737 794 Dominum
772 757 912 793 virtute

130 805 313 853 dejecisse
344 806 511 842 doceret.
540 804 748 847 moraliter,
772 805 832 840 hic
858 805 911 840 la-

130 854 189 901 pis
211 854 384 900 designat
416 852 650 899 poenitentiae
675 852 838 898 pondus,
865 852 912 888 ad

129 901 231 948 quod
247 901 471 945 aspicientes
487 899 711 946 incipientes
727 899 775 936 ad
795 901 911 936 Deum

129 949 314 993 converti,
339 951 472 985 timere
506 947 708 991 incipiunt.
749 958 796 983 ne
827 958 911 992 pos-

128 996 201 1033 sint
216 996 432 1032 inchoatam
456 994 724 1042 poenitentiam
741 1005 913 1031 consum-

130 1054 249 1088 mare,
272 1048 307 1079 et
331 1043 415 1079 idco
436 1043 565 1079 dicunt
584 1042 876 1088 ingemiscentes
902 1054 910 1078 :

130 1091 221 1136 Quis
241 1091 407 1128 revolvet
431 1090 540 1127 nobis
562 1089 725 1136 lapidem
747 1091 794 1126 ab
816 1091 912 1126 ostio

129 1139 378 1182 monumenti,
408 1137 444 1173 id
477 1141 534 1174 est
560 1148 582 1174 a
606 1137 742 1181 corde,
771 1136 810 1172 in
839 1148 912 1183 quo

129 1185 301 1223 Christus
322 1186 476 1222 affectat
507 1184 687 1231 sepeliri?
724 1185 796 1220 Sed
838 1195 913 1220 non

129 1234 272 1270 debent
292 1233 467 1270 diflidere
499 1237 535 1268 ct
556 1231 823 1276 retrocedere;
847 1233 913 1268 sed

129 1293 213 1318 cum
236 1282 295 1318 his
323 1280 546 1317 mulieribus
584 1279 755 1316 cominus
777 1290 912 1325 proce-

129 1329 219 1366 dere
248 1340 257 1376 ;
283 1329 489 1366 descendet
522 1327 624 1364 enim
664 1327 830 1373 Angelus
865 1328 912 1364 de

129 1377 237 1417 coelo,
278 1377 316 1413 id
353 1381 407 1413 est
432 1377 556 1422 gratia
580 1374 742 1422 Spiritus
770 1375 911 1420 Sancti,

131 1435 216 1472 quae
239 1423 405 1471 lapidem
433 1423 638 1466 amovebit,
665 1422 754 1469 quia
790 1427 911 1460 totum

131 1472 278 1520 pondus
312 1471 547 1519 poenitentiae
569 1470 794 1506 sublevabit.
830 1472 912 1517 lpse

130 1519 230 1556 enim
252 1520 434 1556 Dominus
453 1519 530 1556 ait:
555 1520 690 1563 Juyum
712 1529 828 1554 meum
849 1529 911 1554 su-

130 1579 197 1604 ave
222 1571 288 1612 cst,
323 1571 356 1603 et
377 1578 466 1603 onus
492 1577 609 1602 meum
641 1567 730 1611 let-e,
769 1565 912 1603 scilicet

131 1615 336 1662 adjuvante
356 1614 481 1661 gratia
498 1614 576 1651 Dei.
615 1631 617 1633 >

178 1667 197 1699 5
217 1666 412 1699 Armntrio
440 1674 672 1700 ANGELORUM.
701 1683 745 1689 —
771 1665 819 1699 Et
856 1664 912 1698 in-

129 1715 311 1748 troeuntes
332 1712 379 1747 ab
415 1711 587 1753 Oriente,
627 1713 665 1746 in
694 1721 911 1746 monumen—

131 1763 224 1803 tum,
250 1759 286 1794 id
312 1762 367 1795 est
395 1758 494 1795 intra
528 1759 743 1795 clausuram
784 1761 821 1794 ct
844 1757 911 1793 do-

131 1806 351 1843 munculam
372 1807 589 1849 rotundam,
610 1817 694 1853 quae
715 1811 798 1843 erat
812 1806 913 1842 circa

129 1854 387 1901 sepulchrum,
409 1854 583 1890 viderunt
598 1854 783 1900 juvenem,
807 1852 911 1890 scili-

131 1906 191 1938 cet
211 1902 326 1938 alium
346 1901 548 1948 Angelum,
566 1902 749 1938 sedentem
766 1904 805 1937 in
825 1901 912 1937 dex-

132 1953 200 1987 tris
215 1949 403 1997 sepulchri
426 1952 531 1993 lesu,
555 1951 651 1985 stola
669 1949 831 1986 candida
853 1960 910 1985 eo-

133 2001 312 2044 opertum,
348 2002 381 2033 et
401 1998 682 2043 obstupuerunt,
703 2008 782 2044 prae
816 2008 911 2043 gau-

135 2045 197 2082 dio
230 2048 265 2081 et
297 2044 549 2081 admiratione
588 2049 702 2081 tantae
742 2044 910 2082 visionis.

138 2093 318 2130 Viderunt
345 2092 447 2128 enim
473 2092 643 2137 juvenem
670 2092 750 2139 ipso
781 2091 913 2128 habitu

134 2139 303 2187 corporis
325 2139 505 2186 juvenilis
540 2143 820 2187 praecedentem
842 2139 912 2176 im-

133 2186 405 2225 mortalitatem
439 2187 743 2231 resurrectionis,
764 2190 802 2224 in
837 2198 914 2234 qua

130 2242 335 2272 renovatur
355 2239 396 2271 ut
414 2235 550 2282 aquilae
567 2237 761 2282 juventus,
784 2240 820 2272 et
846 2246 912 2272 ne-

133 2293 194 2320 mo
222 2282 399 2325 senescit,
427 2283 607 2320 sedentem
629 2286 668 2320 in
691 2284 848 2323 deaetrz's.
874 2283 913 2320 id

134 2332 246 2368 estad
261 2330 510 2367 meridianam
533 2334 679 2376 partem
702 2331 772 2368 loci
795 2331 911 2376 illius,

132 2378 193 2416 ubi
215 2378 528 2425 corpuspositum
550 2379 690 2421 fuerat,
714 2380 786 2415 hoc
807 2378 915 2426 quip-

131 2436 177 2472 pe
198 2425 237 2478 iq
254 2425 394 2462 dextris
412 2427 520 2462 Jesus
539 2435 632 2462 erat.
652 2427 798 2473 Corpus
811 2437 912 2463 enim

131 2473 294 2516 Domini,
320 2473 421 2520 quod
439 2475 614 2518 supinum
640 2475 774 2521 jacens
795 2475 911 2511 habe-

131 2521 193 2558 bat
211 2525 322 2567 capnt
340 2524 384 2557 ad
402 2520 660 2565 Occidentem,
682 2525 719 2559 et
737 2522 849 2568 pedes
865 2523 911 2558 ad

132 2568 340 2606 Orientem.
367 2568 536 2605 dextram
560 2579 712 2606 manum
737 2581 912 2606 necessa-

131 2618 188 2652 rio
208 2616 429 2652 habeoatad
441 2616 650 2661 Meridiem,
667 2621 704 2654 et
715 2617 910 2654 sinistram

131 2664 179 2700 ad
198 2666 437 2710 Aquilonem.
464 2666 511 2700 Ex
531 2675 604 2711 quo
631 2671 801 2712 tempore
823 2676 911 2702 con—

131 2711 290 2748 suetudo
321 2710 485 2748 exrrevit
517 2712 834 2757 Christianorum,
862 2713 909 2749 ad

132 2759 230 2795 hane
256 2759 546 2796 similitudinem
570 2771 732 2807 corpora
757 2761 908 2807 sepeliri

133 2805 412 2844 defunctorum.
434 2806 634 2853 Viderunt,
659 2809 830 2855 inquam,
850 2819 908 2846 sc-

651 162 807 197 DtSCtr.
849 161 899 196 ET
937 161 1169 195 ttttlltssttt'tt
1209 160 1263 193 All
1302 157 1611 193 SEPtttAEtttttttt.

1710 158 1767 190 185

983 233 1135 268 dentem
1173 232 1209 267 in
1242 230 1397 274 dextris,
1430 232 1635 275 coopertum
1665 227 1761 263 stola

985 280 1159 318 candida,
1187 279 1222 315 id
1256 284 1313 315 est
1339 279 1427 314 alba
1453 278 1652 320 candente,
1675 285 1764 322 pro—

985 331 1069 374 pter
1090 326 1269 372 gaudium
1298 323 1616 368 Remi-rectionis,
1643 327 1675 359 et
1696 322 1766 358 ob—

984 378 1216 420 stupuerunt.
1231 385 1306 418 prae
1319 374 1364 409 ad
1372 373 1571 409 miratione
1584 375 1698 408 tantae
1716 369 1765 405 vi-

984 421 1117 458 sionis.
1141 423 1179 456 ln
1203 421 1341 456 dextris
1367 425 1404 456 et
1426 420 1460 456 in
1483 419 1578 456 albis
1604 417 1768 466 Angelus

985 468 1174 516 apparuit,
1193 467 1280 514 quia
1298 468 1451 503 dext··ra
1471 471 1691 513 perpetuam
1712 465 1766 500 vi-

986 521 1062 553 tam
1082 516 1276 562 designat,
1293 519 1330 551 et
1348 515 1490 550 candor
1511 514 1621 550 vestis
1641 513 1770 560 splen-

985 565 1117 601 d.‚1·em
1140 562 1393 600 solemnitatis
1413 561 1623 598 denuntiat.
1664 561 1768 598 Unde

986 613 1208 656 Gregorius.-
1231 625 1247 642 «
1272 612 1312 646 In
1336 610 1490 646 dextera
1511 609 1682 652 sedvbat,
1704 607 1767 654 qui

987 660 1085 696 stola
1106 658 1268 695 candida
1290 657 1480 704 apparuit„
1504 667 1594 703 quia
1614 661 1652 693 et
1687 666 1767 692 suae

987 712 1024 744 et
1050 711 1189 743 nostrae
1215 704 1428 742 festivitatis
1447 704 1587 749 gandia
1616 705 1767 740 nuntia-

986 755 1051 791 vit.
1079 755 1147 791 llla
1167 753 1265 790 enim
1287 752 1433 789 Domini
1452 751 1711 795 Resurrectio,
1731 755 1769 787 et

988 814 1057 840 nos
1081 804 1125 839 ad
1166 800 1490 838 immortalitatem
1532 798 1693 844 reduxit,
1731 802 1765 834 ct

985 850 1215 897 Angelorum
1233 858 1430 885 numerum
1451 846 1667 891 restitutens,
1691 857 1764 882 eoe-

987 899 1092 935 lestis
1113 897 1242 944 patriae
1262 897 1402 933 damna
1415 894 1603 942 reparavit
1619 906 1627 930 ε
1644 908 1662 926 τ)
1687 894 1767 930 haec

987 947 1198 990 Greqorias.
1239 947 1277 980 ln
1315 944 1412 980 stola
1450 942 1564 979 etiam
1605 941 1766 978 candida

985 994 1151 1040 Angelus
1178 991 1367 1038 apparuit,
1408 991 1456 1028 ad
1490 989 1766 1027 desiznandum

987 1041 1191 1088 puritatem
1204 1040 1302 1083 vitae,
1315 1049 1425 1084 quam
1439 1042 1521 1084 post
1533 1038 1767 1084 Baptismum

987 1091 1146 1135 quisque
1162 1088 1273 1124 debet
1294 1087 1512 1123 observare.
1534 1085 1638 1122 Unde
1655 1089 1691 1121 et
1712 1095 1770 1120 ve-

985 1136 1050 1172 stis
1071 1136 1159 1172 alba
1181 1135 1217 1171 in
1243 1134 1436 1180 Baptismo
1457 1133 1620 1169 traditur
1642 1134 1678 1168 in
1711 1131 1769 1168 si—

986 1194 1102 1231 gnum
1150 1181 1325 1229 gloriosae
1375 1181 1677 1225 resurrectionis,
1720 1180 1769 1216 ad

987 1242 1100 1278 quam
1121 1241 1189 1277 per
1208 1229 1439 1276 Baptismum
1455 1227 1685 1273 pervenitur.
1706 1227 1766 1264 Sic

988 1290 1076 1325 ergo
1099 1279 1174 1315 duo
1192 1281 1301 1315 erant
1320 1276 1468 1325 Angeli,
1488 1281 1641 1323 propter
1668 1274 1770 1312 testi·

987 1326 1104 1364 monii
1133 1324 1414 1368 sufficientiam,
1432 1324 1520 1371 qnia
1540 1326 1579 1360 in
1597 1335 1656 1360 ore
1682 1324 1769 1360 duo-

985 1386 1068 1411 rum
1088 1376 1144 1410 vel
1163 1376 1290 1418 trium,
1309 1373 1423 1409 stabit
1441 1383 1542 1409 omne
1556 1372 1718 1408 verbum.

1036 1426 1056 1458 6
1078 1423 1269 1466 Cnmsrus,
1287 1432 1422 1457 cLAuso
1444 1431 1562 1456 annuc
1580 1430 1770 1456 noxum-:N-

986 1482 1044 1513 To,
1062 1481 1297 1506 nesunnssxlr.
1321 1489 1364 1494 —
1380 1470 1464 1505 Jam
1481 1468 1634 1515 quidem
1656 1472 1768 1504 terrae

987 1523 1112 1554 motus
1136 1518 1258 1554 sactus
1276 1521 1372 1561 erat,
1395 1526 1478 1552 cum
1504 1515 1685 1552 Dominus
1707 1525 1766 1552 re·

987 1564 1162 1610 surrexit,
1177 1570 1214 1602 et
1232 1568 1477 1601 monumento
1491 1563 1618 1600 clauso
1636 1573 1766 1609 egres-

987 1625 1050 1650 sus
1072 1617 1154 1650 erat
1170 1614 1277 1650 Jesus
1302 1618 1391 1649 ante
1410 1611 1686 1648 revolutionem
1707 1610 1767 1647 la-

986 1661 1097 1708 pidis,
1121 1661 1216 1697 sicut
1237 1660 1395 1696 intravit
1415 1659 1462 1695 ad
1479 1658 1766 1705 discipulos,ja·

987 1709 1073 1745 nuis
1105 1709 1264 1752 clausts;
1288 1708 1354 1744 sed
1385 1711 1470 1755 post
1490 1717 1684 1753 egressum
1704 1717 1767 1742 ac-

987 1757 1115 1793 cedens
1133 1755 1308 1801 Anqelus‘
1325 1756 1481 1791 revolvit
1521 1755 1697 1800 lapidem,
1729 1757 1768 1790 ut

988 1804 1230 1851 sepulchrum
1258 1814 1420 1840 vacuum
1448 1802 1682 1847 ostenderet,
1724 1812 1768 1838 ae

988 1853 1239 1889 resurrexisse
1267 1850 1483 1894 Dominum,
1503 1853 1540 1887 et
1572 1860 1767 1896 egressum

989 1901 1070 1947 ejus
1084 1902 1164 1947 jam
1182 1900 1320 1936 factum
1340 1898 1548 1941 indicaret;
1569 1902 1602 1934 et
1621 1898 1769 1933 sedebat

988 1959 1099 1994 super
1115 1959 1208 1984 eum.
1230 1948 1307 1983 Non
1328 1946 1430 1983 enim
1451 1945 1615 1991 indiguit
1636 1945 1766 1981 D.›mi-

989 2007 1060 2032 nus
1080 1995 1116 2032 in
1140 1995 1429 2031 Resurrectione
1449 1994 1587 2030 ammo
1606 1993 1768 2040 Angelo-

989 2054 1088 2087 rum,
1100 2042 1166 2090 qui
1183 2041 1337 2090 propria
1354 2041 1492 2078 virtute
1511 2041 1676 2078 claustra
1689 2040 1765 2077 dis-

989 2091 1128 2138 sipavit
1160 2090 1384 2127 inferorum.
1417 2089 1521 2133 Unde
1553 2091 1767 2133 Chrysosto-

989 2150 1069 2175 mus
1091 2152 1102 2175 :
1125 2154 1142 2172 u
1161 2138 1277 2185 Cujus
1297 2137 1421 2184 gratia
1440 2136 1558 2183 igitur
1574 2136 1676 2173 venit
1690 2137 1768 2172 An·-

989 2186 1108 2234 gelus,
1126 2190 1163 2223 et
1182 2186 1319 2223 levavit
1340 2185 1505 2232 lapidem
1524 2184 1767 2231 p=·stResu1--

989 2234 1230 2271 rectionem?
1258 2235 1418 2280 Propter
1453 2232 1644 2269 mulieres.
1674 2232 1768 2278 Ipsae

989 2282 1092 2319 enim
1115 2282 1294 2318 viderunt
1315 2291 1401 2317 eum
1422 2280 1461 2316 in
1483 2279 1699 2327 sepulchro.
1724 2279 1771 2316 Ut

990 2330 1104 2377 igitur
1126 2329 1280 2366 credant
1304 2327 1484 2375 quoniam
1508 2328 1684 2372 surrexit,
1712 2328 1768 2363 vi-

990 2379 1080 2414 dent
1116 2376 1356 2423 sepulchrum
1394 2386 1553 2422 corpure
1586 2385 1767 2418 vacuum,

988 2429 1144 2472 propter
1159 2426 1229 2460 hoc
1243 2426 1371 2470 utique
1386 2423 1540 2459 abstulit
1556 2423 1766 2470 lapidem.»

990 2474 1094 2510 Unde
1108 2476 1143 2509 et
1156 2472 1253 2509 Beda
1269 2485 1280 2507 .-
1297 2487 1309 2504 α
1326 2470 1492 2518 Angelus
1504 2470 1664 2507 revolvit
1681 2469 1768 2517 lapi-

988 2521 1170 2564 dem‚non
1183 2518 1769 2565 ut··gr0ssu1·oD..minojanuam

988 2569 1188 2615 panderet,
1209 2568 1274 2604 sed
1307 2573 1349 2603 ut
1367 2577 1546 2611 egressus
1577 2567 1659 2613 Jam
1682 2566 1767 2602 facti

986 2615 1208 2652 hominibus
1234 2614 1416 2652 indicium
1444 2617 1658 2662 praestaret,
1700 2613 1766 2657 Qui

987 2675 1086 2700 enim
1107 2663 1280 2700 mortalis
1297 2663 1434 2703 adhuc.
1453 2669 1582 2699 clauso
1602 2661 1767 2707 Virginis

985 2716 1110 2753 utero,
1134 2710 1254 2757 potuit
1283 2710 1473 2747 nascendo
1499 2709 1679 2746 mundum
1711 2708 1765 2743 in-

984 2759 1106 2807 gredi,
1148 2758 1226 2806 ipse
1257 2759 1336 2805 jam
1368 2759 1489 2795 factus
1527 2755 1766 2801 immortalis,

984 2808 1111 2844 clauso
1132 2806 1219 2844 licet
1242 2807 1457 2853 sepulchro,
1490 2805 1611 2852 potuit
1634 2813 1767 2839 resur-
