1924 3157
358 159 406 193 uh·
446 160 580 193 Plinio
617 161 941 195 ‹justrht-J‘twisstu.
983 164 1020 195 ΙΝ
1064 162 1276 194 PASSIUNE
1319 161 1484 195 uolttxt.

104 232 312 269 crescente,
336 239 411 264 non
433 229 556 265 solum
578 230 674 276 patri
709 242 782 267 non
803 242 888 267 suc--

104 276 263 312 cedebat
285 275 399 319 tilius,
427 277 492 312 sed
523 288 591 313 nec
626 277 724 314 ultra
748 289 888 315 annum

103 322 190 369 quis
208 322 333 360 officio
369 324 600 369 fungebatur
633 324 888 370 pontificatus,

101 373 139 407 et
158 371 230 406 hoc
266 370 389 417 ipsum
413 372 576 417 pecunia
612 373 843 418 procurabat
867 384 889 410 a

102 417 298 454 Romanis.
335 418 440 454 Unde
469 418 505 454 hi
530 419 618 458 duo.
644 419 788 456 scilicet
807 423 885 457 An-

102 476 168 501 nas
185 469 224 501 et
240 464 418 511 Caiphas,
435 465 626 510 principes
645 468 886 504 sacerdotum

101 516 228 555 erant,
253 512 340 548 licet
361 513 408 549 de
430 513 530 549 tribu
550 513 635 549 Levi
658 525 731 550 non
748 520 886 561 essent,

101 563 138 596 et
164 570 233 605 per
253 559 354 596 vices
367 571 514 596 annuas
534 561 748 597 alternatim
767 573 886 599 sacer-

99 607 246 644 dotium
270 606 552 651 ministrabant,
581 609 684 654 quod
719 610 885 654 quolibet

101 665 202 691 anno
231 665 300 701 pro
335 654 411 690 suis
452 654 598 691 vicibus
632 656 679 691 ab
722 657 883 701 Herode,

102 702 296 745 emebant,
311 705 346 737 et
359 704 439 737 erat
460 705 550 738 tunc
571 713 696 740 annus
717 704 883 750 Caiphae,

101 759 186 786 cum
211 759 343 795 passus
374 753 430 785 est
452 749 649 793 Dominus,
687 751 775 796 quia
804 757 886 789 erat

100 796 269 844 pontifex
303 797 392 832 anni
432 795 545 841 illius,
569 797 604 833 id
639 805 696 834 est
719 799 883 836 admini-

103 843 324 880 strationem
345 843 433 880 anni
454 844 555 880 illius
569 845 883 893 habebat‚quam-

103 891 160 928 vis
188 890 373 938 judicium
411 895 447 928 et
467 892 609 928 utilitas
627 893 759 939 judicii
781 906 883 931 com-

103 939 269 976 muniter
299 939 499 975 amborum
539 946 649 976 esset.
678 943 756 977 Non
794 953 883 989 ergo

105 987 264 1032 mirum,
303 986 332 1022 si
374 986 492 1034 iniqui
526 987 722 1033 pontifices
756 989 884 1035 inique

101 1034 382 1080 judicaverunt.
394 1040 431 1070 et
445 1034 609 1071 officium
624 1036 881 1082 pontificatus,

104 1087 183 1118 tam
210 1085 384 1126 nequiter
401 1081 542 1128 adepti,
567 1093 646 1119 rem
670 1085 721 1120 sic
743 1085 882 1121 netari-

100 1140 162 1165 am
194 1131 409 1175 gesserunt.
439 1130 545 1174 Saepe
572 1130 688 1170 enim,
719 1132 781 1178 qui
817 1144 883 1179 per

100 1176 301 1213 avaritiam
322 1176 380 1212 vel
403 1177 652 1214 ambitionem
674 1179 722 1215 ad
759 1191 883 1216 sacer-

102 1223 246 1261 dotium
268 1227 304 1260 ct
321 1223 545 1270 dignitatem
567 1228 724 1271 accedit,
744 1238 812 1274 per
830 1227 882 1264 in-

97 1271 284 1319 justitiam
306 1271 345 1307 in
368 1271 422 1308 cis
453 1277 636 1313 servatur.
663 1278 699 1310 et
717 1275 882 1311 scelera-

102 1323 179 1356 tum
199 1318 349 1355 initium
370 1319 422 1356 sic
444 1320 592 1357 funesto
615 1322 690 1358 fine
712 1332 883 1359 consum-

104 1371 241 1403 matur.
270 1366 362 1403 Vide
394 1366 566 1408 simonia.
597 1370 817 1413 ambitione,
847 1374 885 1407 et

106 1415 312 1451 schismate
332 1415 586 1452 sacerdotium
599 1427 803 1463 synagogae
822 1418 883 1454 de-

104 1461 251 1509 perisse
271 1473 279 1505 ;
303 1467 437 1499 caveat
454 1464 533 1499 haec
560 1465 742 1510 Ecclesia,
766 1477 810 1502 ne
833 1467 883 1501 si-

106 1509 145 1546 bi
167 1511 363 1556 contingat
383 1510 518 1550 simile.

153 1560 199 1593 50
226 1558 361 1593 Nox-ms
396 1570 528 1596 uccws
571 1571 652 1596 Fun·
691 1561 882 1605 Cnmsws,

105 1617 198 1641 exne
219 1616 372 1641 nnvorio
400 1618 637 1644 usinum-15
659 1619 778 1644 Nox-im
796 1621 883 1644 rmi-

103 1664 259 1689 nonum.
303 1674 343 1679 —
383 1653 491 1690 Circa
529 1656 629 1692 hunc
666 1656 883 1699 articulum,

106 1699 248 1736 scilicet
276 1700 491 1738 ductionem
520 1702 671 1746 Christi,
691 1707 743 1739 e=t
765 1703 885 1740 consi-

105 1747 330 1790 derandum,
358 1752 455 1795 quod
479 1749 648 1786 Christus
669 1750 707 1786 in
732 1761 884 1798 proces-

52 1822 56 1825 *
104 1795 211 1832 sione
250 1795 442 1832 Passionis
483 1809 558 1834 suae
606 1797 736 1847 novies
764 1798 885 1845 >hodie

38 1855 52 1863 ‘
104 1843 238 1880 ductus
259 1843 328 1879 suit
349 1855 356 1879 :
379 1844 500 1890 primo
522 1846 637 1890 enim,
661 1857 745 1882 mox
767 1842 807 1883 ut
829 1857 887 1882 ca-

106 1894 192 1936 ptus
209 1890 278 1927 fuit
299 1894 335 1927 et
356 1891 507 1938 ligatus,
528 1894 714 1930 duxerunt
733 1904 819 1930 eum
839 1894 886 1930 ad

105 1939 273 1983 Annam;
305 1940 482 1979 secundo.
507 1943 554 1977 ab
575 1943 683 1978 Anna
713 1942 760 1978 ad
800 1941 885 1979 Cai-

106 1987 219 2033 pham
242 1997 251 2031 ;
274 1986 400 2032 tertio,
419 1999 440 2023 a
467 1989 608 2035 Caipha
630 1989 676 2025 ad
700 1989 884 2034 Pilatum;

109 2036 259 2080 quarto,
277 2044 298 2070 a
313 2034 433 2071 Pilato
448 2036 495 2072 ad
511 2037 718 2079 Herodem·
738 2036 886 2083 quinto,

107 2082 154 2117 ab
180 2081 325 2117 Herode
346 2083 521 2120 reductus
545 2090 601 2120 est
622 2084 669 2120 ad
693 2085 852 2121 Pilatum
877 2096 885 2120 :

108 2131 227 2172 sexto,
247 2128 386 2166 milites
408 2131 594 2168 duxerunt
612 2131 716 2168 illum
736 2131 834 2168 intro
851 2132 888 2168 in

107 2177 246 2213 atrium
264 2178 446 2223 praetorii,
465 2180 525 2216 ubi
543 2180 741 2216 illuserunt
755 2179 810 2225 ei,
830 2190 887 2216 se-

109 2224 241 2270 ptimo,
260 2223 399 2262 Pilatus
411 2226 610 2264 duxiteum
625 2228 723 2264 suras
739 2229 783 2264 de
796 2238 889 2274 prae-

109 2270 207 2308 torio
219 2275 430 2318 portantem
443 2286 619 2312 coronam
635 2276 820 2321 spineam,
831 2286 890 2312 ve-

109 2323 204 2355 stem
226 2329 455 2366 purpuream
477 2326 513 2359 et
531 2324 770 2367 arundinem
792 2329 891 2359 octa-

112 2377 173 2410 vo,
190 2366 293 2402 duxit
309 2378 393 2404 cum
412 2370 511 2406 seras
525 2372 759 2417 praetorium,
772 2371 819 2407 ad
836 2370 890 2406 lo-

113 2424 197 2450 cum
230 2413 291 2450 ubi
319 2415 416 2452 sedit
442 2428 510 2464 pro
540 2419 738 2461 tribunali;
778 2429 890 2461 none,

112 2461 298 2497 duxerunt
313 2473 397 2499 eum
414 2466 460 2501 ad
473 2466 593 2502 crucis
608 2466 816 2513 patibulum
835 2477 841 2501 :
857 2471 893 2501 et

114 2509 152 2544 in
163 2508 498 2554 qualibetistarum
511 2513 727 2550 ductionum
745 2524 894 2560 semper

112 2555 326 2603 singulares
344 2569 478 2604 poenas
497 2566 533 2596 et
546 2561 795 2598 contumelias
815 2571 894 2607 pas-

115 2614 180 2656 sus
207 2608 275 2648 est,
300 2605 398 2642 sicut
431 2607 477 2644 de
498 2608 656 2655 singulis
678 2609 714 2644 in
740 2611 818 2645 suis
840 2609 894 2644 lo-

114 2661 168 2687 cls
186 2652 344 2698 patebit.
366 2655 440 2691 lias
454 2666 588 2692 novem
609 2656 806 2693 ductiones
831 2667 893 2693 us-

114 2708 187 2745 que
223 2699 271 2736 ad
305 2702 502 2739 meridiem
529 2704 660 2748 saetas,
682 2714 897 2752 repraesen·

115 2749 195 2782 tant
207 2746 351 2794 fideles,
365 2750 428 2796 qui
446 2751 556 2788 hodie
573 2762 687 2798 usque
705 2753 752 2789 ad
764 2753 897 2789 horam

117 2804 258 2831 nonam
283 2796 562 2836 circumeuntes
589 2799 743 2836 visitant
762 2809 897 2837 novem

201 2857 290 2894 Vt't'A
307 2865 393 2899 ,lh-su
409 2866 566 2904 CHRIS'H,
582 2875 694 2899 ‘rencs
712 2865 776 2897 lv.

965 230 1156 274 ccclesias,
1185 231 1222 266 iu
1259 231 1479 268 memoriani
1505 235 1604 279 quod
1632 235 1738 271 illiri-

964 281 1057 321 stus,
1078 282 1276 324 postquam
1294 283 1425 325 captus
1442 279 1665 323 suit‚‹luctus
1683 287 1740 319 est

963 325 1010 360 ad
1033 336 1167 360 novem
1193 328 1286 361 loca.
1310 328 1350 362 Et
1373 327 1505 364 merito
1527 328 1658 366 fideles
1675 331 1741 366 llo-

963 372 1022 408 dic
1049 373 1269 408 Sanctorum
1304 374 1481 411 ecclesias
1512 375 1678 420 visitant,
1703 381 1742 414 ut

962 420 1008 455 ab
1034 419 1123 466 ipsis
1148 420 1334 455 beneficia
1367 421 1539 459 obtinere
1565 424 1740 468 valeant3

963 477 1125 512 namque
1155 466 1278 502 Sancti
1302 468 1414 503 hodie
1437 470 1542 506 valde
1566 471 1742 508 liberales

962 525 1044 550 esse
1065 515 1230 557 debent;
1254 513 1343 558 quia
1362 515 1473 551 hodie
1505 518 1552 553 dc
1587 530 1741 556 carcere

961 563 1114 598 suerunt
1139 560 1302 603 liberati,
1324 566 1359 597 ct
1393 562 1426 597 in
1450 565 1600 601 espleste
1621 567 1740 612 impe-

961 609 1058 644 rium
1081 608 1285 645 sublimati.
1307 608 1341 645 Si
1366 609 1450 654 quis
1467 611 1568 647 enim
1595 613 1640 649 de
1666 626 1744 650 cai·-

960 667 1044 692 cere
1057 656 1296 699 liberaretur,
1311 660 1345 691 et
1364 655 1399 691 in
1415 657 1614 704 imperium
1631 662 1744 698 subli-

962 707 1140 746 maretur,
1152 703 1253 739 illam
1267 703 1364 739 diem
1380 704 1505 750 utiquc
1520 707 1676 744 multum
1691 709 1743 744 di-

960 751 1107 797 ligcrct,
1124 755 1159 787 et
1180 750 1215 786 in
1236 750 1298 787 illa
1318 750 1377 787 die
1396 754 1554 788 multum
1575 754 1742 791 liberalis

959 802 1057 834 esset
1081 811 1088 838 2
1120 798 1173 834 sic
1200 799 1301 834 etde
1334 799 1481 835 Sanctis
1510 802 1739 839 credendum

959 850 1028 882 cst.
1054 845 1137 883 Fuit
1161 849 1289 882 autem
1327 846 1453 882 ductio
1483 848 1619 884 Christi
1661 849 1739 886 vio-

960 895 1076 937 lenta,
1099 893 1187 940 qnia
1229 904 1342 929 manu
1374 899 1535 940 armata,
1577 900 1613 932 et
1651 908 1736 934 cum

959 942 1094 985 turl»a;
1121 940 1188 977 suit
1212 946 1249 977 et
1271 941 1537 987 ignominiosa,
1568 943 1656 990 quia
1672 945 1740 981 du-

958 990 1114 1025 cebatur
1135 988 1295 1033 vinctus,
1320 988 1415 1024 sicut
1436 990 1671 1031 malefactor.
1701 996 1738 1029 et

959 1040 1080 1073 morte
1111 1035 1273 1083 dignu&-
1313 1036 1381 1072 suit
1407 1037 1520 1073 etiam
1546 1038 1738 1084 dolorosa,

958 1083 1048 1130 quia
1082 1087 1432 1130 quantumcumque
1462 1084 1540 1130 ipse
1570 1086 1740 1123 volunta-

958 1131 1012 1166 rie
1029 1142 1113 1168 cum
1145 1133 1201 1167 eis
1222 1131 1307 1174 iret,
1335 1135 1461 1168 tamen
1485 1132 1524 1168 in
1544 1133 1633 1170 sune
1653 1145 1735 1171 cuin

957 1179 1161 1215 trahebant
1179 1189 1222 1215 ac
1243 1178 1502 1224 impellebant,
1528 1184 1564 1216 et
1584 1192 1737 1228 pressu-

958 1226 1007 1262 ris
1040 1227 1264 1271 obruebant,
1303 1226 1356 1262 ita
1383 1231 1423 1262 ut
1453 1227 1579 1264 dicere
1611 1235 1739 1276 posset

957 1273 1052 1310 illud
1096 1274 1471 1320 paralipomenorum
1497 1287 1505 1311 ε
1542 1278 1602 1312 Eae
1640 1280 1740 1313 omni

952 1326 1060 1368 parte
1082 1333 1136 1357 me
1155 1325 1324 1368 premunt
1349 1324 1542 1366 (mqustz'ae.

1005 1373 1046 1406 51
1079 1370 1251 1413 Quuuon
1272 1381 1484 1406 noccnsxm
1503 1383 1547 1406 ex
1558 1383 1735 1408 necnon-2

957 1418 1116 1461 Cumsn,
1137 1429 1563 1454 ACTL'SCONI-'ORMATIONIS
1583 1431 1624 1455 ET
1645 1432 1733 1456 om-

957 1476 1028 1500 T1o.
1049 1486 1094 1490 —
1113 1466 1162 1501 Ex
1185 1465 1255 1501 hoc
1266 1464 1425 1501 articulo
1441 1466 1631 1503 habentur
1647 1478 1738 1514 qua-

957 1516 1044 1548 tuor
1076 1513 1318 1549 documenta.
1344 1512 1513 1549 Primum
1542 1519 1611 1557 est,
1631 1515 1734 1561 quod

958 1560 1090 1596 fideles
1111 1559 1149 1596 in
1166 1561 1226 1597 die
1249 1562 1474 1596 Parasceves
1495 1561 1644 1598 visitare
1662 1563 1735 1598 de·-

958 1608 1050 1644 bent
1076 1618 1210 1643 novem
1230 1608 1420 1647 ecclesias.
1443 1610 1649 1646 secundum
1669 1621 1736 1645 no-

958 1665 1042 1691 vem
1063 1654 1262 1691 ductiones
1285 1667 1292 1691 :
1317 1655 1356 1691 in
1375 1655 1498 1702 prima
1515 1657 1670 1693 eeclesia
1689 1668 1742 1693 re-

959 1702 1163 1738 memorari
1183 1703 1336 1746 debent,
1363 1703 1452 1749 quid
1471 1704 1640 1740 Christus
1659 1715 1742 1751 pas-

959 1761 1020 1786 sus
1047 1749 1117 1786 suit
1154 1761 1282 1787 coram
1320 1754 1452 1795 Anna3
1490 1751 1528 1786 in
1555 1752 1740 1795 secunda,

960 1797 1051 1844 quid
1078 1808 1205 1834 coram
1225 1797 1390 1845 Caipha;
1427 1799 1464 1834 in
1498 1799 1624 1843 tertia,
1651 1799 1741 1846 quid

960 1856 1087 1882 coram
1115 1845 1250 1890 Pilato,
1277 1849 1313 1881 et
1334 1845 1387 1882 sic
1408 1846 1598 1891 deinceps,
1624 1851 1663 1883 ut
1685 1847 1738 1882 vi-

959 1893 1050 1929 dere
1080 1897 1188 1939 potes
1209 1893 1248 1929 in
1283 1893 1416 1929 ordine
1437 1894 1671 1940 supradicto.
1694 1916 1736 1922 ——

961 1941 1176 1977 Secundum
1197 1945 1269 1985 est,
1293 1941 1395 1987 quod
1428 1941 1457 1977 si
1483 1942 1636 1988 quando
1658 1942 1735 1978 sor-

959 1988 1057 2024 sitan
1079 1999 1193 2025 causa
1219 1988 1281 2025 uei
1303 1989 1487 2025 ducamur
1502 1990 1550 2025 ad
1569 2000 1737 2036 poenam,

961 2046 1045 2072 cum
1073 2036 1253 2082 patientia
1287 2037 1503 2081 toleremus,
1540 2047 1670 2073 amore
1702 2041 1740 2073 et

960 2084 1130 2129 exemplo
1154 2085 1248 2131 ejus,
1275 2084 1339 2131 qui
1362 2095 1428 2130 pro
1460 2085 1570 2121 nobis
1605 2085 1740 2122 ductus

961 2136 1013 2167 est
1028 2132 1216 2173 innocens,
1229 2131 1326 2168 sicut
1339 2131 1417 2168 ovis
1432 2132 1479 2168 ad
1495 2132 1737 2169 occisionem.

962 2200 1007 2205 —
1018 2178 1185 2215 Tertium
1201 2184 1269 2222 est,
1282 2180 1382 2226 quod
1397 2179 1481 2216 licet
1494 2191 1562 2216 nos
1571 2179 1644 2226 aliq
1652 2191 1742 2217 uan-

962 2226 1009 2263 do
1033 2226 1216 2263 ducamur
1235 2227 1283 2264 ad
1309 2227 1448 2263 malum
1468 2238 1603 2274 poenae,
1629 2239 1739 2264 num-

963 2285 1076 2321 quam
1098 2277 1224 2311 tamen
1260 2275 1449 2322 patiamur
1476 2286 1546 2311 nos
1569 2275 1653 2311 duci
1692 2275 1739 2312 ad

964 2322 1104 2358 malum
1124 2323 1258 2369 culpae‚
1279 2322 1367 2369 quia
1388 2322 1526 2359 tal÷bus
1553 2322 1740 2359 ductioni-

964 2371 1033 2406 bus
1066 2369 1281 2406 nullatenus
1315 2370 1525 2407 consentire
1547 2371 1745 2415 debemus,

964 2417 1039 2453 imo
1059 2427 1125 2453 uec
1149 2417 1195 2453 ad
1221 2417 1478 2463 hujuscemodi
1501 2417 1606 2454 inviti
1629 2418 1745 2461 trahi,

966 2465 1021 2500 xel
1039 2464 1125 2500 duci
1144 2476 1358 2511 possunius;
1372 2470 1407 2502 et
1428 2466 1524 2510 ideo,
1543 2465 1572 2502 si
1593 2466 1745 2512 quando

966 2512 1190 2548 inducamur
1217 2513 1263 2549 ad
1290 2513 1564 2557 tentationem,
1596 2524 1748 2559 nequa-

967 2570 1079 2606 qnam
1095 2564 1220 2597 tamen
1236 2561 1417 2597 ducamur
1430 2561 1467 2596 in
1485 2561 1748 2604 tentationem,

968 2607 1123 2650 scilicet,
1155 2619 1223 2655 per
1256 2608 1400 2656 peccati
1434 2619 1673 2645 consensum.
1708 2629 1739 2634 .,

969 2656 1154 2699 Quartum
1180 2661 1250 2700 est,
1283 2662 1324 2693 ut
1344 2667 1412 2693 nos
1445 2656 1563 2693 simus
1585 2658 1630 2692 de
1650 2655 1747 2692 sacili

971 2701 1210 2740 decibilesad
1230 2703 1327 2740 viam
1343 2704 1515 2751 justitia),
1532 2707 1628 2740 sicut
1644 2703 1749 2741 Chri-

969 2755 1047 2787 stus
1067 2753 1174 2788 valde
1196 2751 1369 2794 faciliter,
1393 2752 1468 2788 imo
1486 2751 1749 2788 desideranter

969 2799 1176 2836 ducebatur
1203 2800 1249 2836 ad
1274 2799 1510 2845 Passionem,
1534 2810 1608 2835 non
1637 2809 1746 2845 repu-

1605 2863 1623 2894 3
