1924 3157
159 150 200 183 00
625 156 834 191 SECUN‘DAE
873 159 1032 194 PARTIS
1070 157 1210 191 CAPUT
1248 156 1326 190 LXI

160 228 336 267 noverat,
377 225 601 261 sententiam
649 227 738 263 dare
783 232 935 265 coactus

160 274 271 306 esset.
294 272 337 307 Et
361 272 451 308 dum
473 273 646 318 mittitur,
670 274 709 310 tit
731 287 934 313 concursus

158 327 316 362 magnus
335 320 557 365 populorum
575 331 660 356 eum
679 325 930 368 sequentium.

158 364 186 399 O
209 365 367 402 Domina
393 367 554 412 qualiter
580 369 673 413 ibas,
699 370 754 405 vcl
787 372 869 416 quis
896 375 932 407 te

153 411 321 457 juvabat,
345 417 383 449 ut
416 425 487 450 ires
522 416 558 450 in
593 419 698 452 tanta
733 419 929 463 pressura!

158 458 266 510 Certe
283 463 491 506 exemplum
505 462 646 499 doloris
663 475 746 500 eras
759 466 933 501 omnibus

158 506 348 557 Christum
375 509 599 546 amantibus.
624 513 678 547 Tu
705 516 845 555 autem,
872 524 932 548 ra—

158 562 319 597 rissime,
339 555 463 601 cogita
481 567 591 602 quain
607 558 933 606 litleuterJuvarvs

157 609 240 634 cam
259 604 295 635 et
314 603 522 640 associares
542 604 592 640 sic
615 605 759 642 tristem
782 611 815 642 ct
836 617 933 642 moe—

158 651 267 682 stam.
289 652 445 685 Herodes
466 656 599 693 autem,
620 655 696 688 riso
715 656 812 693 Jesu,
833 657 935 698 glari-

157 705 218 729 sus
243 701 295 732 est
324 699 443 734 vvalde.
472 702 563 735 Erat
590 702 685 735 enim
712 703 859 746 cupiens
889 712 933 737 ea:

158 744 271 777 multo
288 750 458 791 tempore,
476 746 615 783 scilicet
631 758 671 783 ex
685 752 852 794 tempore
873 748 934 784 de-

157 790 368 828 collationis
400 794 557 830 Joannis
589 795 782 840 Baptistae,
812 797 933 831 ridere

157 848 251 881 eum,
269 841 397 876 ,Iesum
419 841 572 881 scilicet,
591 853 628 877 eo
650 844 746 886 quod
764 844 934 878 audierat

157 887 273 923 inulta
297 889 340 923 cle
360 899 410 930 eo,
433 888 478 924 de
500 889 689 924 miraculis
707 894 744 925 et
765 890 935 926 doctrina

157 933 252 978 ejus,
271 940 303 970 et
324 936 496 981 sperabat
518 938 663 980 sianum
684 938 849 982 aliquod,
869 948 934 973 seu

158 981 396 1025 miraculum,
420 983 543 1018 videre
572 984 617 1018 ab
643 995 679 1019 co
705 986 799 1030 fieri,
823 990 858 1020 rt
888 985 934 1021 ab

157 1038 223 1063 ore
243 1030 321 1075 ejus
339 1030 512 1075 quaedam
535 1031 685 1066 insolita
705 1031 850 1067 audire.
874 1035 935 1068 ln-

157 1078 367 1121 terroyabat
384 1083 503 1112 autem
524 1089 603 1113 eum
620 1080 746 1114 multis
763 1082 935 1115 sermoni-

160 1123 224 1159 bus
250 1138 260 1160 :
283 1135 358 1160 non
390 1125 483 1161 sicut
517 1125 721 1166 studiosus,
743 1127 807 1162 sed
841 1127 936 1163 sicut

157 1171 351 1215 curiosus;
373 1183 447 1208 non
471 1174 565 1209 sicut
586 1173 752 1210 veritatis
774 1178 935 1218 amator,

159 1219 224 1254 scd
245 1219 340 1255 sicut
359 1223 542 1264 tentatum
567 1231 641 1256 non
663 1225 856 1267 tamquam
877 1222 933 1257 lu-

158 1270 329 1303 craturus
347 1267 432 1303 inde
451 1268 614 1314 aliquam
637 1268 851 1313 utilitatem,
870 1269 936 1305 sed

155 1313 301 1359 patiens
321 1325 505 1350 novorum
532 1315 744 1361 cupidinem
767 1328 775 1352 :
796 1320 833 1352 at
858 1319 936 1362 ipse

158 1366 312 1407 propter
344 1363 436 1405 hoc,
466 1364 563 1398 nihil
590 1364 650 1397 illi
680 1364 933 1409 respondebat,

156 1418 224 1443 nec
248 1409 362 1444 etiam
391 1409 542 1454 signum
567 1409 718 1455 aliquod
741 1421 868 1446 coram
892 1422 935 1447 co

158 1455 333 1491 faciebat.
370 1458 479 1492 Stans
511 1456 663 1503 quidem
695 1459 804 1493 Jesus
841 1458 935 1494 sieut

156 1513 276 1549 agnus
303 1503 632 1540 mansuetissimus
652 1504 788 1551 ligatus
809 1516 936 1541 coram

157 1561 214 1593 eo,
239 1550 442 1596 inquisitus
475 1554 603 1595 tacuit,
637 1555 673 1587 et
704 1556 937 1598 exspectatus

159 1598 338 1634 miracula
367 1598 555 1643 adhibere,
576 1600 817 1645 contempsit,
847 1602 935 1647 quia

159 1645 315 1681 Hero-lis
335 1645 579 1682 incredulitas
600 1650 636 1683 et
660 1648 858 1684 curiositas
879 1647 934 1683 di-

157 1693 244 1729 vina
255 1704 330 1728 non
346 1694 564 1729 merebatur
576 1694 706 1730 audire
718 1696 774 1730 vel
794 1695 933 1740 videre,

156 1745 194 1776 et
208 1740 390 1776 Dominus
406 1751 511 1776 suani
523 1741 747 1787 Jactantiam
762 1749 799 1778 et
813 1747 936 1778 osten-

155 1787 335 1823 tationem
345 1788 576 1833 declinabat,
588 1799 771 1835 suamque
784 1790 936 1825 nolebat

157 1835 376 1870 Passionem
390 1835 585 1881 impedire.
601 1837 719 1880 Unde,
731 1837 936 1873 secundum

158 1883 337 1925 Glossam,
354 1883 442 1928 quia
458 1884 624 1919 Herodes
641 1895 717 1919 non
739 1885 937 1930 reputabat

158 1930 349 1966 Christum
371 1931 618 1975 Salvatorem,
640 1932 705 1967 sed
724 1931 934 1967 incantato-

157 1988 251 2022 rem,
272 1977 356 2013 ideo
378 1988 451 2013 non
468 1984 548 2013 erat
561 1979 697 2024 dignus
711 1989 779 2014 nec
796 1980 933 2023 verbis,

158 2035 226 2060 nec
252 2024 442 2060 miraculis
472 2025 621 2061 Christi.
650 2028 707 2070 Et,
729 2028 936 2062 secundum

156 2073 405 2116 Ambrosium,
427 2073 595 2109 Herodes
617 2084 660 2109 ex
681 2074 843 2119 quadam
866 2085 937 2110 cu—

157 2119 328 2155 riositate
362 2120 543 2156 miracula
571 2120 653 2156 fieri
688 2121 809 2167 petiit,
838 2121 937 2167 quod

158 2168 327 2202 Christus
354 2167 494 2206 renuit.
515 2167 652 2204 docens
677 2180 743 2204 nos
774 2179 838 2214 per
866 2170 936 2204 hoc

152 2215 374 2260 jactantiam
397 2215 601 2250 declinare.
627 2217 698 2251 Per
721 2217 792 2251 hoc
821 2216 936 2252 etiam

156 2262 258 2307 quod
270 2262 438 2298 Christus
450 2273 575 2298 coram
589 2263 735 2299 Herode
749 2262 935 2299 incestuo-

158 2319 197 2344 so
210 2309 444 2345 cthomicida
466 2309 585 2346 noluit
598 2310 779 2346 miracula
797 2311 934 2355 facere,

157 2355 680 2402 necsuisinterrogationibus
690 2358 933 2404 respondere,

156 2403 383 2449 significavit
400 2405 497 2449 quod
515 2406 608 2440 tales
625 2410 661 2441 et
683 2416 812 2441 omnes
832 2405 934 2451 impii

154 2462 231 2486 non
260 2454 345 2486 sunt
371 2451 476 2496 digni
502 2462 616 2497 opera
643 2452 771 2489 divina
792 2453 933 2497 videre,

160 2508 228 2534 nec
250 2498 330 2544 ejus
352 2508 530 2544 responsa
550 2499 704 2536 habere.
728 2521 771 2526 -—
795 2502 843 2535 Ex
867 2501 938 2536 hoc

155 2545 314 2581 articulo
335 2545 536 2581 derisionis
556 2547 718 2582 habetur
737 2548 937 2583 documen-

158 2597 252 2636 tum,
269 2593 478 2628 secundum
494 2593 719 2638 Greqoaurn,
736 2598 776 2630 ut
791 2594 937 2640 quoties

154 2640 347 2676 auditores
376 2640 493 2675 nostri
518 2647 649 2677 nostra
676 2643 805 2677 volunt
828 2641 934 2687 quasi

151 2687 341 2723 laudandi
363 2698 606 2732 cognoscere,
625 2699 698 2724 uon
721 2693 848 2724 autem
868 2699 935 2725 sua

152 2745 330 2782 perversa
357 2739 515 2777 mutare,
543 2735 697 2771 omnino
727 2740 930 2776 taceamus,

155 2793 204 2819 ne
221 2782 253 2819 si
273 2782 540 2819 ostentationis
555 2783 677 2819 studio
695 2784 848 2820 verbum
863 2783 932 2820 Dei

1009 227 1210 274 loquimur,
1235 229 1272 262 et
1297 236 1429 263 eorum
1456 236 1540 272 quae
1566 228 1647 262 erat
1673 224 1782 271 culpa

1008 286 1089 312 esse
1114 286 1190 310 non
1210 274 1371 318 desinat,
1394 277 1431 310 et
1452 277 1581 309 nostra
1601 283 1683 320 quae
1705 282 1781 307 non

1008 326 1089 359 erat
1106 323 1184 358 fiat.
1208 322 1323 358 Multa
1349 325 1477 357 autem
1496 325 1582 356 sunt
1604 331 1686 367 quae
1710 330 1782 372 au7

1008 370 1145 405 dientis
1172 369 1340 405 animum
1367 368 1545 414 produnt,
1565 367 1725 403 maxime
1750 376 1781 402 st

1008 417 1198 453 auditores
1230 416 1348 452 nostri
1379 421 1415 451 et
1447 425 1594 460 semper
1627 414 1782 451 laudant

1009 465 1109 510 quod
1127 464 1300 507 audiunt,
1313 467 1350 499 et
1361 473 1567 508 numquam
1587 461 1688 507 quod
1706 461 1783 496 lau-

1008 513 1099 548 dant
1112 514 1332 557 sequuntur.
1346 510 1456 545 —Ad
1472 508 1784 544 conformandum

1009 570 1048 595 se
1070 559 1154 594 huic
1172 559 1343 601 articulo,
1372 559 1645 593 rememoretur
1671 556 1783 591 homo

1009 607 1147 642 factum
1162 606 1323 648 articuli,
1340 609 1375 640 et
1392 608 1472 640 oret
1484 603 1641 639 dicendo
1658 615 1665 639 ι
1683 604 1783 646 Jesu,

1009 656 1074 700 qui
1088 655 1132 689 ab
1147 654 1284 689 Herode
1298 654 1472 688 derisorie
1489 652 1614 686 multis
1632 652 1784 686 interro-

1008 704 1092 746 gari
1122 702 1346 737 sermonibus
1378 701 1540 743 coluisti,
1574 709 1636 734 nec
1669 699 1702 732 ei
1736 695 1785 731 acl
1816 714 1819 717 >

1009 751 1124 784 ullum
1146 750 1292 784 verbum
1317 747 1534 793 respondere
1561 746 1714 788 curasti,
1736 744 1786 779 da

1010 798 1100 831 mihi
1112 807 1232 833 amore
1244 800 1317 839 tuo,
1331 795 1477 840 quando
1490 796 1642 839 opor'et,
1656 801 1787 827 sermo-

1009 854 1070 878 nes
1090 844 1284 879 derisorios
1301 844 1485 888 patienter
1499 842 1642 880 audire,
1651 849 1785 875 meam-

1011 891 1310 936 quejactantiam
1325 901 1403 925 cum
1422 889 1567 924 silentio
1587 887 1786 922 declinare.

1062 941 1100 973 15
1122 940 1331 974 Accussrua
1357 937 1532 973 Cumsrns
1552 946 1644 970 APUD
1671 935 1788 969 Huno-

1010 997 1081 1020 nen
1095 1013 1103 1029 ‚
1138 995 1377 1022 nocuunxwu
1411 995 1455 1019 Ex
1488 994 1570 1019 mus
1610 991 1787 1025 smmrrio,

1010 1044 1119 1068 ACTUS
1157 1043 1464 1069 CONFORMATIONJS
1496 1042 1538 1065 ΕΤ
1576 1040 1720 1066 ORATIO.
1746 1047 1787 1053 -—

1011 1081 1168 1117 Stabant
1185 1085 1305 1116 autem
1321 1083 1353 1114 et
1364 1080 1548 1124 principes
1562 1077 1790 1118 sacerdotum

1012 1132 1045 1163 et
1066 1129 1201 1164 Scribae
1227 1131 1434 1163 constanter
1459 1128 1670 1161 accusantes
1695 1133 1790 1175 eum,

1012 1186 1139 1211 coram
1176 1175 1335 1211 Herode.
1372 1176 1424 1210 De
1459 1172 1711 1225 quibus-vero
1740 1170 1790 1206 1b1

1012 1233 1097 1258 eum
1124 1225 1412 1265 accusaverunt,
1435 1220 1686 1266 Evangehstae
1713 1227 1789 1253 non

1013 1269 1239 1315 exprimunt,
1251 1269 1318 1305 sed
1333 1270 1429 1304 t'orte
1439 1269 1486 1304 de
1501 1267 1643 1303 eisdem
1654 1265 1788 1308 tribus,

1014 1317 1060 1353 de
1082 1317 1216 1362 quibus
1238 1327 1363 1353 coram
1381 1315 1503 1360 Pilato
1524 1324 1609 1351 eum
1630 1322 1792 1350 accusa—

1014 1367 1157 1407 verant,
1185 1363 1344 1400 maxime
1378 1364 1447 1399 hoc
1484 1372 1610 1398 coram
1643 1359 1791 1413 Herode

1013 1416 1282 1457 aggravantes,
1309 1410 1497 1457 quomodo
1524 1408 1792 1459 commovisset

1013 1459 1231 1495 universum
1251 1458 1445 1505 populum,
1459 1456 1644 1503 incipiens
1658 1466 1680 1491 a
1694 1453 1792 1490 Gali-

1013 1506 1096 1548 laea,
1115 1506 1256 1542 scilicet
1289 1505 1456 1541 dominio
1484 1503 1657 1547 Herodis,
1681 1505 1722 1538 ut
1747 1511 1791 1554 ex

1013 1554 1084 1589 hoc
1101 1553 1221 1599 magis
1237 1552 1306 1589 sibi
1326 1552 1452 1588 animo
1467 1553 1691 1594 assumeret,
1703 1558 1792 1601 quia

1012 1600 1051 1636 in
1072 1612 1138 1637 suo
1161 1600 1326 1636 dominio
1353 1599 1645 1636 commotionem
1671 1607 1790 1650 susm-

1012 1652 1129 1684 tasset
1147 1660 1154 1692 ;
1191 1649 1287 1683 unde
1321 1647 1369 1683 ad
1403 1648 1496 1683 istas
1527 1648 1790 1697 accusationes

1013 1695 1182 1731 Christus
1197 1695 1247 1730 nil
1264 1694 1472 1740 respondit,
1485 1704 1553 1729 nec
1566 1692 1703 1729 Herodi
1723 1701 1790 1726 nec

1013 1743 1307 1786 accusatoribus,
1336 1742 1402 1778 sed
1428 1740 1545 1777 tacuit
1570 1752 1578 1776 :
1602 1750 1676 1776 non
1703 1748 1791 1774 con-

1013 1790 1180 1826 cedendo
1203 1800 1333 1825 eorum
1352 1792 1612 1825 aecusatlones
1632 1786 1789 1839 tacitur-

1012 1839 1144 1880 nitate,
1167 1837 1232 1873 sed
1253 1836 1494 1882 despiciendo
1516 1839 1711 1881 tamquam
1731 1844 1790 1869 ln-

1012 1885 1146 1930 dignas
1165 1885 1422 1930 responsione.
1442 1883 1499 1920 Ad
1519 1881 1790 1918 commendan-

1012 1932 1097 1968 dam
1113 1933 1249 1978 quippe
1266 1931 1487 1978 patientiam
1502 1931 1631 1970 tacuit,
1645 1932 1683 1965 et
1695 1927 1791 1982 nihil

1011 1980 1225 2025 respondit,
1263 1979 1469 2014 secundum
1505 1977 1598 2013 illud
1633 1978 1739 2012 Isaiae
1780 1986 1789 2011 ι

1013 2028 1126 2070 Quasi
1148 2037 1264 2071 aqnus
1284 2037 1403 2062 coram
1424 2026 1592 2062 tondente
1612 2034 1648 2059 se
1666 2024 1792 2076 obmu-

1012 2079 1131 2109 tescet.
1156 2095 1198 2100 —
1215 2075 1263 2109 Ex
1280 2075 1349 2109 hoc
1365 2073 1522 2110 articulo
1540 2070 1792 2123 accusationis

1011 2121 1176 2157 trahitur
1192 2123 1472 2163 documentum,
1487 2119 1586 2166 quod
1599 2129 1674 2171 non
1688 2128 1791 2170 omni
1833 2141 1837 2144 -

1012 2170 1108 2213 loco,
1132 2173 1169 2204 et
1191 2172 1374 2215 tempore,
1397 2172 1434 2204 et
1456 2177 1585 2203 coram
1607 2165 1791 2212 quibusli-

1012 2217 1089 2259 bet,
1103 2216 1240 2252 veritas
1258 2223 1313 2252 cst
1329 2214 1618 2258 manifestanda,
1635 2212 1701 2249 sed
1716 2213 1792 2259 ple-

1012 2275 1170 2309 rumque
1189 2264 1380 2299 silentium
1395 2262 1565 2298 divinum
1583 2264 1652 2297 est.
1680 2280 1714 2285 -
1735 2259 1791 2295 Ad

1013 2311 1326 2347 conformandum
1338 2321 1378 2346 se
1391 2310 1452 2345 isti
1469 2309 1642 2352 articulo,
1652 2317 1792 2360 memo-

1011 2364 1116 2394 retur
1152 2359 1264 2394 homo
1300 2357 1526 2404 gravitatem
1561 2354 1724 2399 articuh,
1752 2357 1790 2390 et

1012 2409 1106 2449 oret,
1130 2405 1259 2441 dicens
1281 2417 1289 2440 :
1310 2407 1409 2445 Jesu,
1432 2405 1498 2450 qui
1517 2413 1637 2440 coram
1651 2402 1791 2438 Herode

1012 2455 1228 2488 constitutus
1243 2453 1362 2496 falsas
1379 2452 1706 2489 incriminationes,
1727 2459 1791 2484 nec

1011 2501 1116 2535 verbo
1130 2501 1293 2543 refellere
1303 2501 1466 2540 voluisti,
1481 2499 1529 2534 cla
1543 2498 1635 2534 mihi
1645 2497 1792 2542 iniquo-

1011 2559 1092 2582 rum
1129 2558 1198 2583 non
1232 2549 1362 2591 franqi
1387 2547 1554 2591 injuriis,
1586 2554 1648 2580 nec
1685 2554 1791 2578 sacra

1010 2597 1185 2639 mysteria
1205 2596 1401 2640 propalare
1424 2593 1606 2637 indiqnis.

1063 2645 1104 2677 16
1127 2643 1325 2677 Dsssrncrio
1364 2642 1522 2680 Cmusw,
1554 2648 1793 2674 uocum-:NTUM

1012 2700 1056 2723 Ex
1092 2701 1136 2724 EA
1164 2701 1204 2724 ET
1231 2700 1375 2724 onum.
1411 2709 1453 2714 —
1483 2686 1642 2723 Herodes
1669 2689 1791 2721 autem

1012 2736 1155 2779 videns,
1173 2736 1273 2781 quod
1291 2735 1463 2772 Christus
1480 2733 1627 2770 nullum
1644 2731 1792 2786 signum

1012 2785 1165 2828 laceret,
1183 2794 1251 2820 nec
1268 2784 1426 2820 verbum
1446 2780 1600 2828 aliquod
1614 2780 1662 2817 ad
1677 2784 1795 2816 mter-
