1924 3157
172 204 227 238 tot
611 196 819 229 SEUUNDAE
858 198 1015 231 riliTls
1057 196 1194 229 CAPUT
1236 195 1361 227 wai

170 278 345 314 mortem,
364 277 467 308 tuam
494 269 738 314 sepulturam,
765 270 868 303 tuam
889 267 942 303 vi-

169 322 369 359 ctoriosam
393 315 732 358 lte-urrectionerm
749 319 784 350 et
800 315 941 360 glorifi-

169 370 240 405 cati
260 377 369 410 ·nem,
397 364 556 405 Christe,
586 362 702 398 adoro
729 362 880 408 supplex
907 366 942 398 et

168 415 351 460 glorifico.
376 415 515 449 Horum
538 410 683 446 vivifico
701 409 814 445 odore
834 409 942 461 spiri-

165 467 247 499 tum
267 472 389 498 nienm
406 471 428 496 a
446 462 587 506 peccati
610 461 728 493 morte
750 462 941 496 resuscita,

167 510 300 546 horum
327 508 463 544 virtute
481 507 527 543 ab
548 503 696 541 astutiis
716 505 865 541 Satanae
887 513 944 539 me

167 555 325 599 custodi,
350 565 482 600 meque
503 553 685 594 conforta,
704 556 742 586 nt
759 555 793 587 et
812 552 944 596 jugum

166 604 430 640 mandatorum
448 605 599 638 tuorum
621 610 734 635 suave
753 598 843 634 mihi
865 598 943 641 fiat,

167 655 202 688 et
221 661 316 687 onus
335 651 455 686 crucis
471 648 570 694 quod
586 648 753 692 bajulare
767 646 946 697 mejuhes

164 701 250 745 post
270 702 321 741 te,
340 696 508 733 humeris
529 696 664 731 animae
687 704 778 729 mea}
797 693 877 728 leve
899 696 946 727 sit

165 749 278 791 atque
302 743 500 790 portabile.
527 743 614 786 Quae
643 740 743 776 enim
769 739 945 775 fortitudo

166 804 264 836 mea,
281 796 321 829 ut
333 793 439 838 juxta
460 792 687 835 praeceptum
704 791 825 830 tuum,
842 797 945 822 mun-

165 840 203 876 di
230 850 426 886 pressuras
452 842 530 873 tam
563 834 786 887 multiplices
809 833 944 869 invicto

165 887 292 924 animo
318 886 551 922 sustineam?
573 883 645 919 Sed
672 881 774 925 andi,
802 892 944 926 quaeso,

166 944 297 970 vocem
313 943 448 976 meam,
463 936 499 968 et
514 931 655 967 inclina
670 939 782 975 super
798 939 946 981 servum

165 984 269 1018 tuum
297 990 447 1017 suavem
470 987 619 1014 crucem
643 976 760 1019 illam,
784 987 867 1021 quae
894 975 946 1028 11-

165 1039 281 1074 gnum
296 1027 381 1064 vitae
396 1030 452 1063 est
472 1026 529 1061 his
541 1024 605 1071 qui
626 1023 947 1076 apprehenderint

164 1077 292 1119 illam;
321 1075 446 1117 istam,
474 1073 643 1119 inquam,
672 1071 947 1106 divinissmiam

164 1134 314 1160 crucem
340 1123 507 1159 humeris
534 1119 628 1156 meis
652 1118 818 1165 impone,
841 1119 947 1163 cujus

164 1170 323 1208 latitudo
345 1176 401 1206 est
418 1171 556 1206 caritas
571 1177 684 1213 super
704 1176 853 1201 omnem
869 1176 945 1201 cre-

164 1222 311 1254 aturam
332 1229 371 1254 se
391 1216 608 1257 extendens,
626 1214 732 1259 cujus
748 1213 945 1265 longitudo

163 1267 371 1311 aeternitas,
400 1264 506 1310 cujus
531 1261 741 1314 sublimitas
768 1271 946 1313 omnipo-

162 1313 294 1359 tentia,
316 1314 421 1358 eujus
442 1310 670 1357 profundum
701 1308 945 1344 inscrutabile

164 1364 221 1397 est
233 1359 430 1406 sapientia.
444 1360 597 1404 Contige
612 1357 665 1392 illi
678 1366 810 1408 manus
828 1366 943 1399 meas,

164 1413 200 1444 et
220 1410 335 1454 pedes
353 1417 468 1447 ineos,
480 1409 516 1441 et
529 1409 648 1441 totam
664 1403 855 1439 Passionis
872 1407 945 1439 tuae

164 1455 326 1491 formam
361 1455 508 1490 servulo
545 1456 609 1488 tuo
649 1450 835 1497 imprime.
866 1451 917 1486 Da
934 1479 943 1496 ‚

164 1503 335 1544 obsecro,
358 1501 449 1537 mihi
477 1499 670 1536 continere
695 1499 741 1534 ab
769 1497 945 1550 operibns

163 1549 287 1586 carnis
305 1560 388 1595 quae
414 1547 538 1592 odisti,
562 1551 598 1583 et
617 1547 742 1583 facere
759 1547 944 1592 justitiam

163 1608 247 1644 quae
282 1596 459 1639 dilexisti,
494 1602 530 1631 et
569 1594 607 1630 in
648 1598 806 1638 utroque
840 1597 944 1628 tuam

164 1655 334 1691 quaerere
348 1645 509 1690 gloriam
521 1654 529 1678 ι
541 1641 777 1678 etsinistram
791 1640 943 1686 quidem

163 1702 298 1731 meam.
319 1692 423 1728 clavo
448 1688 728 1736 temperantiae;
752 1689 943 1740 dexter-am

162 1750 266 1782 vero,
290 1739 393 1775 clavo
423 1738 581 1785 justitiae
614 1736 653 1772 in
691 1736 755 1771 illa
790 1736 941 1788 sublimi

163 1797 271 1823 cruce
287 1787 438 1822 affixam
453 1785 628 1822 arbitror.
641 1785 694 1820 Da
714 1786 830 1818 menti
851 1793 942 1835 meae

158 1834 301 1880 Jugiter
312 1832 486 1870 meditari
503 1833 541 1868 in
562 1835 642 1877 lege
656 1835 735 1874 tua,
750 1833 786 1865 ot
807 1830 942 1866 deinde

161 1880 369 1927 cogitatum
389 1881 534 1927 jactare
557 1878 593 1915 in
617 1883 671 1922 te3
690 1882 727 1914 et
748 1877 941 1913 dexterum

160 1929 296 1975 pedem
315 1939 438 1965 meum
457 1929 578 1964 eidem
598 1926 699 1972 ligno
721 1924 942 1977 vitae‘clavis

160 1976 373 2022 prudentiae
410 1974 528 2022 affigi.
557 1976 612 2010 Da
651 1977 690 2009 ut
729 1972 941 2009 ministram

162 2023 313 2070 spiritus
335 2022 407 2059 mei
428 2021 710 2059 sensualitatem
734 2031 810 2056 non
831 2030 940 2056 ener-

161 2075 222 2107 vet
241 2070 403 2107 labentis
424 2069 510 2106 vitae
531 2069 659 2105 infelix
681 2066 850 2120 felicitas,
874 2078 942 2120 nec

161 2119 359 2155 conturbet
386 2116 562 2164 perennis
588 2116 673 2153 vitae
697 2125 835 2161 praevia
854 2114 939 2150 felix

160 2164 358 2202 infelicitas
388 2177 396 2201 :
426 2169 462 2202 et
494 2165 648 2201 sinister
685 2173 834 2210 quoque
873 2172 939 2208 pes

161 2223 266 2249 meus
284 2213 388 2250 clavo
404 2212 632 2249 fortitudinis
649 2211 688 2247 in
706 2220 814 2246 cruce
835 2212 938 2245 tene-

161 2259 274 2297 bitur.
292 2261 338 2297 Ut
358 2264 483 2297 autem
503 2264 539 2296 et
557 2259 752 2306 spinarum
765 2256 819 2293 tui
842 2256 940 2303 capi-

159 2307 207 2344 tis
228 2307 353 2354 aliqua
373 2307 412 2344 in
433 2318 493 2344 me
515 2306 720 2344 similitudo
741 2308 935 2358 appareat²

159 2355 281 2399 detur,
304 2356 475 2398 obsecro,
495 2354 612 2391 menti
635 2364 742 2397 meae,
765 2357 803 2390 et
825 2353 935 2405 saluti

156 2402 390 2448 poenitentiae
426 2404 663 2449 compunctio
679 2430 687 2446 ,
728 2404 765 2437 et
801 2401 934 2452 aliena}

156 2449 321 2486 miseriae
352 2450 575 2497 compassio,
603 2454 639 2486 et
665 2447 838 2485 stimulus
866 2447 933 2483 zeli

152 2496 366 2534 aemulantis
388 2497 478 2533 illud
503 2497 603 2544 quod
631 2498 851 2548 rectnmest
871 2505 932 2530 co-

151 2555 234 2580 ram
260 2548 308 2589 te,
330 2548 366 2580 et
388 2545 433 2580 ad
458 2549 494 2581 te
517 2550 757 2581 reconvertar
777 2553 814 2577 in
833 2552 930 2577 aeru-

151 2602 242 2627 mna
259 2602 356 2635 mezi,
371 2593 458 2627 dum
473 2592 606 2638 triplex
626 2591 713 2627 inihi
731 2589 933 2635 configitur

151 2639 274 2685 spina.
292 2639 397 2675 Libet
412 2644 451 2674 ut
467 2644 502 2675 et
517 2639 714 2686 spongiam
732 2648 800 2685 per
817 2647 929 2673 arun-

151 2686 278 2723 dinem
293 2686 349 2723 ori
362 2696 444 2722 meo
466 2687 699 2733 porrigas,et
716 2689 811 2722 aceti
830 2693 931 2720 ama-

151 2733 357 2771 ritudinem
392 2733 518 2780 gustui
545 2745 628 2770 meo
663 2733 859 2776 adhibeas,
892 2734 931 2767 ut

153 2792 218 2825 per
239 2781 449 2827 Scripturas
468 2786 551 2818 tuas
571 2780 709 2818 rationi
730 2791 824 2817 meae
845 2789 930 2816 con-

155 2829 252 2866 l‘eras
273 2832 423 2876 gustare
443 2832 478 2866 et
500 2829 641 2874 videro,
661 2828 837 2875 quoniam
860 2827 927 2863 sso-

1020 277 1107 301 rens
1142 264 1201 300 liic
1232 264 1396 300 mundus
1424 267 1618 311 tamquam
1643 267 1802 313 spongia

1020 312 1144 349 inanis
1176 314 1242 349 est.
1272 318 1308 346 et
1345 311 1468 348 omni<
1495 314 1803 360 concupiscentia

1021 362 1101 405 eins
1123 363 1226 395 aceto
1247 358 1426 394 amarior.
1448 360 1516 400 Ita,
1539 361 1663 405 Pater,
1682 361 1723 398 in
1743 372 1803 398 me

1022 408 1086 443 siat
1104 410 1143 443 ut
1161 406 1251 442 calix
1270 405 1340 442 iste
1363 417 1503 442 aureus
1522 409 1721 455 Babylonis
1746 409 1802 445 in-

1022 455 1174 490 ebrians
1217 464 1369 490 omnem
1413 459 1567 500 terram,
1600 467 1667 491 nec
1698 456 1803 492 inani

1021 501 1222 548 splendore
1241 501 1416 545 seducat3
1438 512 1505 538 nec
1526 503 1618 538 falsa
1638 503 1803 540 dulcedi-

1022 560 1068 585 ne
1084 548 1256 585 inebrict.
1271 550 1357 584 Tnae
1373 559 1523 594 quoqne
1537 549 1693 586 viviticae
1709 562 1803 587 mor·

1022 596 1083 641 tis,
1101 596 1267 640 Domine,
1282 596 1446 643 elfigzem
1462 597 1575 633 facies
1596 597 1631 633 in
1650 608 1708 634 me
1727 609 1804 635 ser-

1024 655 1111 680 vum
1129 648 1249 686 tuum,
1264 647 1304 679 ut
1323 645 1463 680 moriar
1479 643 1630 690 quidem
1652 649 1803 690 peccato

1022 691 1225 727 secundnm
1241 701 1407 735 carnem,
1419 692 1540 727 vivam
1553 696 1677 728 autem
1689 693 1802 738 justi-

1022 738 1083 774 tiae
1103 738 1310 774 secundum
1331 738 1515 785 ¹spiritum.
1535 740 1578 775 Ut
1599 745 1726 776 autem
1749 739 1804 776 in-

1022 790 1167 832 tegram
1196 785 1372 821 Crucifixi
1411 785 1615 832 imaginem
1650 791 1802 833 portare

1024 844 1082 869 me
1117 832 1270 878 glorier,
1293 833 1389 868 illins
1414 843 1562 879 quoque
1590 835 1688 880 quod
1719 837 1804 881 post

1022 884 1182 916 mortem
1199 884 1303 916 tuam
1323 879 1549 916 insatiabilis
1570 881 1713 918 malitia
1733 881 1802 917 im-

1023 927 1170 973 piorum
1188 926 1227 962 in
1248 932 1283 962 te
1309 927 1486 972 exercuit,
1503 929 1599 964 hanc
1620 928 1658 964 in
1681 940 1737 965 me
1758 929 1805 965 si-

1023 974 1274 1010 militudinem
1311 975 1490 1021 exprime.
1526 976 1706 1012 Vulneret
1740 987 1806 1013 cor

1023 1033 1148 1058 meum
1183 1021 1284 1057 vivus
1322 1026 1358 1058 et
1385 1022 1516 1059 efficax
1542 1034 1666 1059 sermo
1702 1027 1801 1066 tuus,

1022 1069 1295 1116 penetrabilior
1306 1071 1407 1105 omni
1422 1071 1554 1107 lancea
1568 1070 1802 1116 acutissima,

1023 1122 1059 1154 et
1080 1116 1301 1164 pertingens
1321 1128 1440 1163 usque
1458 1119 1504 1154 ad
1529 1118 1711 1155 interiora
1725 1118 1803 1155 ani-

1024 1176 1093 1201 mae
1113 1175 1227 1208 meae;
1251 1165 1430 1209 producat
1449 1176 1489 1201 ex
1511 1176 1554 1202 ea
1570 1169 1765 1212 tamquam
1782 1177 1804 1203 a

1023 1213 1152 1249 dextro
1187 1212 1304 1248 latere
1332 1223 1415 1248 meo
1443 1211 1520 1249 vice
1552 1213 1747 1260 sanguinis
1768 1217 1804 1251 et

1023 1271 1144 1306 aquae,
1158 1270 1325 1296 amorem
1343 1264 1461 1304 tuum,
1481 1260 1653 1306 Domine,
1675 1265 1712 1297 et
1731 1262 1802 1298 fra-

1022 1311 1121 1344 trum
1146 1317 1327 1344 meorum.
1350 1308 1546 1344 Postremo
1564 1308 1707 1345 munda
1724 1309 1802 1345 sin-

1022 1355 1120 1391 done
1162 1354 1292 1401 primae
1331 1355 1436 1391 stolae
1472 1355 1644 1402 spiritum
1676 1367 1801 1393 meum

1022 1402 1183 1446 involve,
1196 1402 1233 1438 in
1246 1412 1319 1448 qua
1334 1403 1568 1448 requiescam
1584 1404 1801 1450 ingrediens

1022 1452 1066 1485 ad
1086 1454 1120 1485 te
1143 1453 1179 1485 in
1201 1450 1324 1485 lorum
1343 1450 1577 1487 tabernaculi
1597 1451 1800 1489 admirabi-

1022 1497 1077 1537 lis,
1090 1500 1125 1533 et
1136 1497 1344 1533 abscondas
1357 1507 1414 1533 me
1430 1498 1551 1534 donec
1562 1501 1802 1545 pertranseat

1021 1545 1125 1580 furor
1142 1549 1236 1585 tuus.
1250 1546 1315 1581 Die
1328 1550 1452 1581 autem
1468 1545 1578 1582 tertio
1597 1551 1681 1592 post
1701 1546 1801 1583 diem

1021 1592 1176 1636 laboris,
1197 1599 1282 1638 post
1316 1593 1415 1628 diem
1446 1592 1628 1640 simplicis
1652 1594 1799 1640 gloriae,

1021 1650 1130 1676 mane
1158 1641 1280 1685 prima
1311 1639 1469 1677 sabbati.
1493 1645 1676 1687 perpetuo
1703 1641 1801 1678 inter

1022 1687 1119 1723 tilios
1135 1690 1221 1723 tuos
1240 1698 1298 1724 me
1319 1686 1622 1734 indignisdmum
1643 1689 1800 1725 resusci-

1019 1737 1057 1770 ta
1071 1746 1079 1779 ;
1093 1738 1132 1770 ut
1147 1736 1180 1770 in
1199 1745 1310 1771 carne
1327 1746 1408 1771 mea
1424 1735 1571 1772 videam
1590 1736 1800 1773 claritatem

1019 1785 1136 1827 tuam,
1175 1786 1212 1818 et
1257 1781 1465 1828 adimplear
1504 1783 1637 1821 laetitia
1675 1787 1800 1821 vultus

1020 1829 1073 1866 tui
1095 1841 1103 1865 :
1129 1843 1145 1863 »
1165 1830 1245 1865 haec
1265 1832 1471 1866 Anselmus.

1067 1893 1085 1924 7
1108 1879 1270 1913 Tamum
1288 1879 1474 1914 PAssioms
1488 1879 1621 1915 Domni
1635 1890 1795 1915 Mstcss.

1020 1945 1064 1950 -
1088 1924 1293 1971 Imaginem
1317 1927 1443 1971 itaque
1462 1926 1648 1969 Crucifixi,
1671 1937 1801 1964 secun-

1019 1972 1110 2008 dum
1132 1973 1285 2008 modum
1309 1972 1562 2020 praemissum,
1586 1977 1741 2020 portans
1759 1974 1799 2010 in

1018 2022 1067 2062 te,
1090 2031 1157 2056 ora
1176 2025 1212 2056 et
1233 2031 1372 2057 conare
1396 2025 1436 2057 ut
1455 2020 1609 2068 spiritns
1628 2025 1715 2058 tuus
1732 2021 1800 2058 in-

1017 2067 1190 2103 volvatur
1216 2069 1356 2104 munda
1383 2069 1542 2105 sindone
1566 2068 1741 2115 puritatis
1761 2073 1799 2106 et

1017 2113 1258 2159 innocentiae,
1281 2115 1318 2152 in
1344 2126 1417 2162 qua
1440 2116 1647 2153 absconsus
1668 2116 1797 2153 mundi

1017 2161 1245 2199 vanitatibus
1261 2163 1454 2209 sepeliaris
1470 2163 1508 2200 in
1529 2168 1675 2200 secreto
1696 2175 1800 2201 men-

1016 2211 1064 2246 tis
1092 2214 1181 2254 ture,
1204 2216 1241 2246 et
1264 2210 1314 2246 ihi
1338 2210 1552 2257 requiescas
1574 2211 1613 2248 in
1634 2211 1796 2248 medita-

1015 2258 1116 2294 tione
1150 2258 1337 2294 Passionis
1364 2258 1593 2303 Dominicae;
1625 2263 1795 2296 mortuus

1016 2305 1167 2351 quidem
1186 2306 1341 2350 mundo,
1358 2311 1395 2342 et
1410 2306 1537 2342 vivens
1553 2307 1628 2342 Deo
1667 2307 1710 2343 Et
1726 2307 1796 2342 hoc

1014 2357 1143 2398 aperte
1162 2352 1353 2399 signatum
1367 2356 1436 2398 est,
1452 2352 1516 2390 ubi
1533 2353 1683 2398 dicitur,
1696 2354 1794 2400 quod

1012 2399 1132 2446 pretio
1166 2400 1359 2448 sanguinis
1393 2401 1529 2438 Christi
1567 2405 1713 2447 emptus
1739 2406 1795 2437 est

1011 2458 1102 2493 ager
1123 2447 1242 2493 figuli,
1258 2448 1297 2484 in
1320 2449 1554 2495 sepulturam
1578 2449 1794 2495 peregrino-

1011 2505 1114 2538 rum;
1134 2495 1194 2531 nbi
1210 2495 1300 2531 dicit
1321 2496 1464 2540 GZossa,
1481 2496 1582 2542 quod
1600 2495 1791 2542 sepultura

1012 2542 1149 2578 Christi
1173 2543 1264 2579 nihil
1291 2547 1348 2579 est
1371 2543 1472 2579 aliud
1500 2554 1611 2588 quain
1639 2544 1791 2588 r··quies

1009 2589 1224 2627 Christiani.
1249 2594 1285 2626 et
1312 2594 1400 2626 tunc
1421 2601 1485 2626 cor
1502 2591 1613 2626 debet
1634 2589 1790 2636 sigillari

1009 2636 1130 2681 sigillo
1149 2637 1337 2673 Passionis
1350 2637 1500 2678 Christi„
1513 2642 1549 2673 et
1562 2637 1791 2674 clausumte-

1011 2683 1091 2719 neri
1113 2695 1154 2719 ac
1174 2684 1366 2721 custodiri.
1388 2685 1530 2721 Deinde
1548 2685 1600 2720 sic
1620 2684 1788 2730 sepultus

1006 2729 1046 2766 in
1065 2736 1209 2768 secreto
1230 2732 1365 2769 mentis
1382 2737 1456 2770 tuae
1471 2733 1518 2769 ab
1535 2732 1709 2769 omnibus
1725 2742 1790 2769 va·

1006 2778 1199 2825 nitatibus,
1228 2779 1436 2826 gloriosum
1463 2780 1631 2817 triduum
1657 2779 1790 2816 mortis

1006 2825 1143 2862 Christi
1158 2836 1319 2874 peragas
1336 2838 1344 2864 ε
1362 2837 1521 2874 quorum
1547 2826 1692 2873 primus
1708 2825 1788 2863 dies
