1924 3157
213 227 272 262 328
634 227 774 261 INDEX
812 226 1005 261 CAP'ITUM
1044 227 1095 261 ET
1132 225 1428 260 NUMERORUM.

424 347 574 384 CAPUT
594 347 814 386 LXXXVIII.
834 367 879 374 -
892 349 943 384 De
958 357 1069 394 poena
1086 346 1268 391 infernali
1289 348 1324 382 et
1344 346 1466 391 gloria
1486 345 1631 382 coelesti.

239 474 251 498 1
272 460 425 496 AEterna
438 458 621 506 supplicia
637 458 775 497 inferni
792 470 876 507 quae
1092 463 1113 497 6
1135 460 1244 503 Item,
1283 457 1331 495 de
1366 459 1527 504 quatuor
1558 459 1728 507 corporis

259 506 359 543 sint?
924 510 992 552 504
1114 506 1279 544 dotibus
1492 551 1500 558 ·
1773 509 1840 554 507

235 568 254 591 2
275 552 498 600 Speciatim‚
535 553 692 592 visionis
736 554 873 591 divinae
1002 595 1005 597 ,
1090 571 1109 601 7
1128 556 1181 591 De
1208 552 1331 589 tribus
1357 551 1536 589 aureohs.
1775 556 1843 601 507

258 601 440 638 carentia.
922 605 990 638 505
1090 605 1111 639 8
1129 603 1234 638 Bona
1250 599 1421 647 corporis
1439 602 1584 647 septem
1603 599 1643 636 in
1661 609 1725 648 pa-

230 651 251 685 5
271 648 400 685 Gloria
419 650 457 685 et
484 648 665 696 gaudium
684 648 870 697 paradisi.
921 652 990 686 506
1112 648 1254 686 radiso.
1772 651 1843 685 508

231 699 254 740 4
281 695 383 732 Stola
406 695 543 734 animae
571 700 608 734 et
639 695 810 744 corporis
830 696 872 732 in
1089 712 1109 744 9
1129 698 1237 742 Item,
1271 696 1374 732 hona
1399 694 1535 731 animae
1561 698 1720 743 septem.
1772 698 1841 744 509

255 742 439 789 generali.
921 746 990 780 506
1068 759 1080 781 ι
1088 759 1109 780 0
1121 742 1321 780 Contraria
1329 743 1597 779 damnatorum
1608 743 1721 780 mala.
1772 746 1792 779 5
1801 758 1840 780 ιο

230 793 249 826 5
268 789 471 837 Speciatim
499 790 547 827 de
578 790 701 828 tribus
731 790 870 828 animae
1067 806 1104 828 ιι
1128 791 1293 828 Diversae
1314 793 1402 827 sunt
1427 790 1647 828 mansiones
1681 790 1722 828 in

254 837 420 876 dotibus.
921 840 989 875 506
1110 838 1260 875 inferno
1283 840 1321 876 et
1338 837 1379 875 in
1399 837 1510 875 coelo.
1771 842 1839 876 510

474 961 625 998 CAPUT
645 962 831 999 LXXXIX.
852 982 899 989 —
921 962 1110 1000 Conclusio
1131 962 1220 999 libri
1237 963 1271 998 et
1290 960 1453 1006 siqnatio
1474 958 1567 1006 ejus.

231 1083 243 1106 1
270 1067 466 1105 Peroratio
484 1067 664 1105 auctoris.
907 1072 972 1106 511
1073 1073 1095 1114 4
1129 1070 1274 1106 Nomen
1313 1064 1476 1119 Domini.
1499 1065 1589 1102 Jesu
1622 1064 1721 1119 oleo,

225 1130 243 1154 2
274 1114 529 1152 Meditationis
581 1116 668 1154 vitae
718 1114 859 1154 Christi
1099 1118 1200 1164 quod
1229 1117 1342 1163 lueet,
1376 1117 1495 1150 nutrit
1526 1115 1563 1149 et
1597 1115 1719 1159 unglt,

249 1163 421 1200 dulcedo.
907 1168 972 1201 511
1100 1167 1378 1210 comparatum.
1520 1206 1528 1214 .
1683 1206 1690 1214 ,
1767 1163 1836 1198 513

223 1214 243 1248 5
265 1212 306 1247 In
333 1209 413 1246 solo
436 1211 526 1247 Jesu
549 1209 689 1248 Christi
727 1221 859 1248 amore
1077 1215 1096 1249 5
1119 1213 1154 1248 S.
1177 1211 1361 1249 Bernardi
1389 1209 1579 1256 rhytmiea
1594 1209 1717 1245 oratlo

246 1268 319 1306 pax
338 1260 376 1295 et
400 1257 564 1305 requies.
908 1262 975 1296 512
1100 1259 1148 1297 ad
1168 1259 1372 1297 Christum.
1762 1258 1831 1293 515
