1872 3147
140 162 159 192 ti
570 152 784 186 sEcUNliAE
822 151 981 186 l'Ali'rls
1018 151 1155 185 CAPUT
1196 149 1306 183 livill

141 226 305 272 mortali,
325 237 392 274 pro
412 223 611 262 millesima
626 224 734 268 parte
747 232 829 275 ‘non
843 221 911 259 im-

138 275 326 325 plevisset,
362 283 475 318 qnam
516 269 707 307 exsolvere
745 279 784 307 lu
818 267 911 307 locis

136 320 348 372 purgatorii
367 319 550 356 decedens
571 319 768 362 cogeretur
794 327 912 362 usque

134 372 182 409 ad
215 369 412 406 minimum
439 363 719 413 quadrantem?
752 364 780 401 Ο
801 363 914 400 nimis

134 420 246 464 longa
266 415 415 453 miserae
452 412 588 449 animae
613 411 862 459 exspectatio!
885 411 913 447 Ο

135 465 280 503 diutina
302 466 339 498 et
360 461 498 497 acerba
525 458 683 496 nimium
717 457 914 501 cruciatio,

136 513 242 550 dolor
264 518 515 555 perseverans
536 511 573 544 et
593 509 812 550 immensuS,
835 515 915 551 poe-

137 558 299 597 nitentia
320 555 471 601 gravior
496 553 597 591 omni
627 554 800 590 terrestri
823 563 916 588 cru-

139 605 258 643 ciatui
285 604 358 640 Sed
382 602 467 639 vide
500 601 601 646 quod
631 601 730 637 hanc
764 610 917 645 poenam

143 653 336 691 levissima
355 656 392 688 et
411 649 634 686 brevissima
665 647 919 684 satisfactione

146 709 393 746 compensare
403 700 542 744 posset,
560 695 784 740 quicumque
800 693 920 740 ipsam

148 750 193 785 de
214 750 392 784 thesauro
412 743 605 781 Passionis
624 742 720 788 Agni
742 743 919 778 immacu-

148 795 213 833 lati
234 796 401 839 recipere
422 791 547 828 sciret.
568 789 634 826 Hic
653 800 815 835 namque
837 789 920 825 the-

147 854 281 879 saurus
307 838 616 887 pretiosissimus‚
638 840 792 882 propter
819 836 922 872 cari—

149 896 265 927 tatem
279 887 480 926 maximam
497 894 774 930 personamque
786 883 924 929 dignis-

148 937 296 980 simam,
319 946 362 972 ac
381 934 551 970 dolorem
572 930 922 973 immensissiinum,

145 983 341 1021 sufliciens
373 984 429 1017 est
466 984 503 1017 et
528 978 854 1024 superabundans.
883 978 926 1012 Et

144 1032 230 1068 ideo
258 1030 384 1067 taliter
406 1030 535 1074 posset
558 1036 597 1062 se
627 1027 737 1061 homo
760 1025 807 1061 ad
827 1025 926 1060 hunc

144 1078 353 1126 applicare,
378 1079 415 1112 et
438 1075 485 1111 de
506 1074 587 1120 ejus
601 1072 735 1109 merito
757 1076 796 1108 et
821 1071 926 1107 satis-

147 1127 312 1162 factione
331 1130 408 1160 tam
442 1122 576 1158 devote
607 1120 654 1156 ad
688 1131 726 1155 se
748 1120 925 1163 trahere;

147 1176 188 1210 ut
209 1172 240 1209 si
261 1171 364 1208 mille
384 1168 493 1206 annis
518 1167 672 1214 purgari
694 1167 863 1210 deberet,
889 1165 928 1201 in

149 1220 255 1258 brevi
277 1219 323 1255 de
351 1222 428 1254 toto
450 1216 689 1252 liberaretur.
714 1214 749 1250 Si
766 1225 856 1260 ergo
873 1214 929 1249 vis

151 1277 300 1315 poenam
316 1263 526 1313 purgatorii
540 1263 692 1307 longam
707 1262 929 1298 etacerbam

152 1316 193 1352 in
228 1312 475 1360 temporalem
516 1311 670 1346 brevem
717 1319 760 1345 ac
811 1309 931 1345 levem

159 1365 410 1403 commutare;
434 1358 584 1394 studeas
599 1357 679 1392 haec
700 1356 836 1392 facere.
855 1355 932 1391 Pri-

160 1420 221 1446 mo
242 1407 424 1450 omnium,
439 1406 554 1441 debes
569 1404 681 1439 corde
706 1406 932 1449 compuncto

159 1461 195 1494 et
217 1455 353 1502 spiritu
380 1452 648 1494 contribulato,
676 1461 761 1486 cum
792 1449 935 1495 gemitu

159 1503 295 1547 cordis,
315 1499 579 1538 enormitatem
599 1500 840 1544 peccatorum
856 1501 936 1532 tuo-

161 1562 244 1588 rum
261 1547 484 1595 gravissime
503 1546 726 1592 ponderare,
755 1544 937 1580 confiten-

162 1600 208 1635 do
233 1599 434 1634 adversum
456 1599 491 1630 te
521 1592 708 1639 Justitiam
732 1598 835 1628 tuam
856 1592 936 1627 Do-

160 1645 278 1688 mino,
306 1641 543 1680 amarissime
579 1639 822 1685 recogitando
847 1639 936 1684 quid

160 1691 307 1735 feceris,
330 1700 442 1737 quem
462 1686 680 1729 offenderis,
706 1686 841 1732 quidve
864 1696 938 1721 rne-

160 1739 312 1776 rueris:
353 1735 523 1779 Peccavi,
548 1733 736 1780 inquiens,
765 1732 936 1776 Domine,

163 1797 277 1832 super
292 1793 494 1821 numerum
506 1792 631 1818 arenae
647 1780 779 1818 maris.
796 1779 939 1816 Deinde

161 1835 277 1871 debes
303 1837 465 1877 teipsum
499 1839 625 1865 coram
657 1827 774 1864 oculis
809 1826 940 1863 aeterni

163 1880 306 1919 Juilicis
326 1877 520 1915 humiliter
543 1876 749 1922 despicere,
770 1879 806 1911 et
829 1874 941 1910 vilem

164 1927 370 1970 aestimare,
392 1925 444 1961 ita
464 1928 503 1960 ut
522 1934 606 1959 cum
626 1922 828 1969 publicano
852 1932 940 1957 ocu·
958 1943 961 1947 >

164 1977 222 2013 los
245 1974 460 2011 immundos
482 1982 551 2007 nec
571 1971 712 2007 audeas
733 1970 781 2006 ad
808 1969 942 2006 coelum

167 2024 308 2066 levare,
321 2031 388 2057 nec
404 2018 514 2055 labiis
529 2018 678 2064 pollutis
693 2028 831 2053 nomen
852 2015 943 2052 illud

170 2069 375 2118 glorio>um
389 2067 601 2110 nominare3
614 2066 677 2101 sed
691 2076 809 2110 neque
819 2067 947 2099 temet-

169 2118 292 2164 ipsum
308 2114 512 2158 hominem,
531 2113 596 2149 sed
611 2123 778 2148 vermem
790 2111 949 2146 immun-

170 2165 261 2202 dum
290 2162 493 2204 aestimare,
515 2165 552 2197 et
573 2170 688 2206 opera
712 2163 777 2195 tua
797 2158 947 2195 satisfa-

171 2210 305 2253 ctoria,
334 2208 440 2256 quasi
467 2207 606 2244 nullius
643 2207 825 2243 momenti
860 2205 947 2250 sint,

172 2258 400 2300 annihilare,
422 2259 459 2292 et
478 2255 531 2291 sic
551 2254 666 2290 miser
687 2257 725 2290 et
743 2254 949 2289 miserabi-

173 2307 219 2342 lis
240 2311 329 2342 ante
350 2304 450 2339 sores
466 2301 627 2347 gratiam
646 2301 847 2345 Judicis,et
865 2310 950 2336 cum

172 2352 361 2401 profundo
383 2350 525 2396 gemitu
544 2348 667 2385 cordis
682 2348 735 2384 tui
749 2352 891 2394 petere,
914 2350 952 2383 et

172 2400 300 2437 dicere
328 2410 336 2434 z
358 2400 472 2434 Pater
496 2398 561 2440 mi,
588 2398 736 2442 peccavi
756 2398 796 2431 in
828 2396 952 2431 coelum

171 2452 203 2484 et
226 2457 347 2482 coram
366 2449 411 2488 te,
434 2448 467 2480 et
485 2455 557 2479 non
575 2454 655 2479 sum
673 2444 807 2488 dionus
828 2443 954 2478 vocari

171 2496 271 2541 filius
292 2494 468 2535 tuus‚·fao
485 2492 577 2526 mihi
599 2492 694 2526 sicut
715 2492 780 2526 uni
800 2501 845 2525 θα)
865 2501 954 2525 mer-

174 2543 333 2578 cenariis
349 2542 435 2575 tuis.
459 2541 591 2574 Postea
612 2537 788 2573 meritum
811 2536 957 2573 Passio-

178 2589 235 2626 nis
249 2587 386 2625 Christi
408 2587 524 2623 debes
545 2596 629 2621 cum
649 2595 796 2622 summo
818 2585 956 2620 affectu

182 2637 360 2673 extollere
395 2638 431 2670 et
465 2632 723 2679 magnificare,
756 2632 956 2677 cogitando

181 2683 360 2730 quoniam
385 2681 484 2727 apud
510 2690 596 2716 enm
624 2678 880 2725 copiosissima
902 2683 959 2714 est

184 2728 395 2775 redemptio
411 2741 421 2773 ;
453 2731 490 2764 et
525 2727 627 2773 quod
658 2726 815 2762 minima
852 2726 960 2771 g‘utta

186 2775 446 2825 pretiosissimi
467 2775 548 2820 eJ'us
573 2773 782 2820 sanguinis,
809 2773 872 2819 qui
892 2783 960 2819 per

988 231 1120 259 omnes
1137 221 1264 266 partes
1285 218 1452 264 corporis
1471 219 1529 256 sui
1549 219 1765 256 vulneribus

988 267 1122 314 repleti
1152 266 1308 312 larg-iter
1333 265 1491 310 effluxit,
1520 276 1587 312 pro
1608 266 1762 302 redem-

990 316 1120 362 ptione
1139 321 1176 351 et
1205 312 1461 350 satisfactione
1491 312 1605 349 totius
1633 313 1767 349 mnndi

992 362 1228 406 suffecisset3
1249 361 1313 396 sed
1336 362 1485 406 copiose
1503 359 1626 406 ipsum
1647 359 1766 396 effun-

993 411 1082 446 dere
1105 409 1234 453 voluit‚
1264 409 1301 443 in
1326 410 1591 452 argumentum
1615 408 1767 443 maximi

995 456 1146 498 amoris,
1170 461 1207 491 et
1222 454 1634 500 supereffluentissimae
1656 454 1770 500 pieta-

995 504 1097 547 tatis,
1112 505 1147 539 in
1162 503 1330 539 solamen
1347 500 1516 537 omnium
1532 501 1768 538 miserorum.

997 553 1164 588 'faudem
1196 551 1311 586 debes
1337 548 1471 585 humili
1498 548 1666 594 quidem,
1704 548 1771 585 sed

998 598 1143 635 fervido
1173 598 1311 633 affectu
1347 605 1500 632 manum
1539 593 1774 631 auxiliatoris

999 655 1184 692 qnaerere‚
1202 649 1237 680 et
1258 642 1599 679 misericordissimi
1617 642 1775 686 nedem,-

1000 692 1118 740 ptoris
1128 691 1505 728 merituminlinitum
1519 691 1556 726 in
1566 688 1775 726 subsidium

1000 739 1203 787 postulare,
1230 738 1319 774 nihil
1349 737 1552 781 haesitans;
1577 736 1666 783 quia
1691 747 1776 782 pro-

1001 787 1085 823 nior
1104 790 1159 823 est
1180 788 1264 822 sons
1284 785 1344 822 ille
1366 785 1518 832 pietatis
1533 784 1675 831 Jugiter
1693 794 1778 820 sca—

1002 834 1145 871 turiens
1173 834 1220 870 ad
1242 833 1510 877 miserendum,
1532 842 1644 877 quam
1668 834 1709 867 tu
1730 829 1778 866 ad

1002 881 1221 929 petendum.
1253 881 1280 917 Ο
1312 881 1477 916 Verbum
1508 878 1718 926 gratiosum
1741 881 1779 913 et

1004 926 1405 976 praecipuun1‚niiseris
1419 925 1677 972 peccatoribus
1695 934 1781 960 cum

1006 986 1154 1012 summa
1194 974 1441 1012 exsultatione
1485 972 1781 1020 suscipiendum,

1007 1035 1050 1060 eo
1089 1022 1189 1069 quod
1216 1023 1255 1057 in
1282 1020 1421 1058 Christi
1456 1020 1632 1057 Passione
1653 1018 1707 1056 sic
1744 1018 1784 1056 in

1005 1074 1184 1118 promptu
1207 1068 1431 1111 invenimus,
1452 1068 1551 1105 unde
1585 1077 1783 1114 possumus

1008 1123 1161 1164 peccata
1182 1117 1351 1161 abluere,
1371 1126 1503 1163 poenas
1522 1116 1663 1160 delere,
1689 1125 1783 1160 gra-

1007 1165 1098 1201 tiam
1120 1165 1303 1208 invenire,
1327 1170 1363 1199 et
1389 1163 1548 1211 gloriam
1580 1162 1782 1210 sempiter-

1008 1224 1096 1249 nam
1132 1210 1365 1260 promereri!
1409 1210 1631 1246 Memoriam
1670 1210 1784 1257 igitur

1011 1261 1201 1297 Passionis
1238 1257 1376 1294 Christi
1413 1269 1562 1304 semper
1599 1258 1714 1294 debes
1746 1256 1787 1292 in

972 1338 975 1340 a
1011 1309 1123 1344 corde
1147 1310 1210 1342 tuo
1239 1306 1393 1350 habere,
1414 1309 1450 1341 et
1471 1316 1603 1341 omnes
1621 1303 1787 1341 tribula-

1010 1356 1132 1392 tiones
1147 1357 1183 1390 et
1203 1353 1451 1389 adversitates
1464 1354 1718 1399 quas.pateris
1739 1350 1786 1387 ad

1012 1403 1130 1450 ipsam
1156 1401 1312 1444 referre,
1344 1400 1535 1446 ipsiusque
1564 1397 1787 1437 similitudi—

1013 1460 1115 1493 nem,
1132 1451 1317 1494 quantum
1333 1449 1510 1492 possibile
1528 1450 1596 1487 est,
1617 1447 1787 1483 induere.

1014 1499 1058 1532 Et
1078 1506 1161 1531 cum
1185 1506 1228 1531 ex
1251 1494 1395 1530 occulta
1417 1494 1700 1541 dispensatione
1721 1492 1787 1529 tibi

1014 1542 1218 1580 consolatio
1242 1543 1389 1578 interna
1405 1542 1654 1585 subtrahitur,
1670 1544 1707 1578 et
1727 1541 1788 1576 de—

1015 1591 1154 1627 solatus
1176 1589 1416 1636 relinqueris,
1439 1589 1555 1626 debes
1571 1589 1693 1625 instar
1711 1587 1791 1624 veri

1016 1637 1181 1673 crucifixi
1204 1648 1279 1672 non
1307 1636 1459 1672 aliunde
1493 1635 1792 1672 consolationem

1016 1695 1201 1731 quaerere,
1234 1684 1300 1719 sed
1333 1683 1523 1729 patienter
1559 1686 1792 1730 exspectare,

1017 1736 1054 1769 et
1074 1741 1223 1767 sursum
1239 1731 1287 1766 ad
1309 1732 1459 1767 Patrem
1473 1730 1537 1776 qui
1555 1730 1593 1766 in
1609 1729 1714 1766 coelis
1735 1732 1793 1765 est

1017 1783 1230 1825 respectum
1252 1779 1403 1820 habere,
1424 1780 1662 1825 temetipsum
1685 1777 1796 1814 dese-

1018 1827 1150 1870 rendo,
1175 1829 1211 1861 et
1231 1836 1380 1862 omnem
1404 1825 1607 1872 cogitatum
1631 1829 1736 1861 tuum
1758 1823 1796 1860 in

1020 1874 1144 1921 ipsum
1176 1873 1368 1919 jactando.
1401 1874 1523 1918 Tunc,
1557 1873 1638 1909 sine
1667 1870 1794 1915 dubio,

1022 1925 1160 1968 quanto
1190 1919 1302 1956 fuerit
1321 1920 1443 1966 major
1459 1919 1625 1956 hominis
1642 1917 1798 1955 interio-

1021 1970 1074 2005 ris
1093 1978 1283 2014 pressura,
1305 1970 1342 2003 et
1366 1969 1527 2004 desertio
1548 1966 1716 2004 hominis
1738 1965 1796 2001 in-

1022 2014 1175 2052 terioris
1213 2026 1297 2051 eum
1329 2016 1524 2051 voluntate
1559 2016 1634 2050 Deo
1669 2012 1798 2058 unita3

1024 2066 1128 2099 tanto
1151 2061 1309 2098 similior
1330 2062 1578 2107 Crucifixo‚et
1598 2059 1800 2098 amabilior

1026 2109 1127 2147 Patri
1159 2110 1390 2156 peramando
1420 2108 1509 2153 eris,
1546 2108 1636 2156 quia
1668 2117 1802 2144 revera

1026 2160 1097 2195 hoc
1134 2163 1190 2193 est
1226 2161 1408 2203 punctum
1448 2155 1703 2201 adversitatis,
1733 2165 1802 2202 per

1027 2205 1127 2251 quod
1168 2203 1306 2240 milites
1341 2203 1598 2251 probatissimi
1638 2203 1678 2240 in
1720 2201 1802 2238 acie

1028 2251 1166 2289 Christi
1189 2250 1381 2287 constituti
1402 2250 1636 2287 strictissime
1657 2248 1799 2286 exami-

1029 2303 1180 2336 nantur.
1210 2300 1316 2343 Item,
1355 2297 1483 2334 omnia
1516 2298 1728 2334 infortunia
1765 2300 1803 2332 et

1030 2350 1164 2383 cuncta
1188 2345 1388 2382 tristabilia
1413 2347 1622 2382 clementiae
1649 2344 1715 2382 Dei
1739 2343 1804 2380 de-

1029 2395 1096 2431 bes
1129 2392 1379 2438 committere,
1409 2396 1447 2429 et
1478 2395 1531 2429 sic
1562 2396 1595 2429 te
1623 2392 1739 2429 libere
1765 2390 1805 2426 in

1031 2441 1132 2478 omni
1160 2441 1259 2490 facto
1294 2446 1437 2485 tenere,
1471 2440 1578 2486 quasi
1603 2441 1717 2477 homo
1740 2437 1805 2484 qui

1032 2489 1070 2525 in
1097 2491 1291 2535 proeinctu
1323 2487 1551 2534 migraturus
1580 2492 1637 2524 est
1662 2487 1708 2523 de
1734 2486 1806 2522 hoc

998 2556 1000 2558 v
1033 2536 1188 2572 mundo.
1209 2534 1408 2581 Refuginm
1424 2546 1571 2582 quoque
1586 2535 1806 2571 continuum

1033 2583 1071 2619 in
1090 2583 1243 2619 vulnere
1265 2582 1392 2618 lateris
1408 2584 1499 2619 Jesu
1526 2581 1662 2620 Christi
1694 2581 1807 2616 debes

1035 2641 1221 2677 quaerere,
1243 2633 1437 2676 tamquam
1458 2630 1631 2666 columba
1650 2628 1689 2664 in
1711 2628 1806 2664 sora-

1036 2677 1204 2714 minibus
1223 2676 1506 2724 petrae,quiain
1523 2676 1691 2713 hocloco
1712 2684 1809 2711 sem-

1034 2736 1103 2772 per
1121 2725 1292 2761 invenies
1313 2724 1609 2771 copiosissimam
1633 2725 1809 2771 peccato-

1036 2783 1118 2809 rum
1149 2771 1426 2818 remissionem,
1449 2770 1655 2818 gratiarum
1686 2767 1805 2816 pleni-
