1924 3157
318 150 368 184 DE
407 149 739 188 ASSUMPTlONE.
782 151 830 184 m·
868 152 1011 185 hacne
1053 149 1199 184 REATAE
1239 147 1458 181 l'ltiGlle.
1653 147 1713 179 282¹

78 219 213 266 gloria,
243 229 326 265 quae
358 222 505 256 tantum
541 219 667 256 decuit
702 220 864 257 Filium?

77 266 214 303 Felicia
232 276 389 312 prorsus
408 267 540 303 oscula
553 266 664 303 laliiis
679 266 861 313 impressa

76 313 265 358 lactentis,
288 313 347 350 cui
369 312 540 359 vii-gimo
563 315 682 350 Mater
703 315 860 361 applau-

71 360 187 397 debat
222 359 260 396 in
288 360 460 407 gremio!
496 363 648 406 Verum,
677 361 861 408 numquid

73 417 151 444 non
173 407 340 444 feliciora
355 408 604 452 censebimus,
626 419 710 455 qnae
731 410 778 446 ab
796 419 861 445 ore

75 455 244 491 sedentis
270 454 309 491 in
330 455 483 491 dextera
518 456 639 492 Patris
675 456 787 493 bodie
823 455 859 492 in

73 502 186 539 beata
198 501 427 539 salutatione
444 513 551 539 susce
583 504 718 543 it,cum
735 513 862 539 ascen-

73 549 183 586 deret
221 549 268 586 ad
308 550 487 586 thronum
524 550 668 596 goria‘,
713 551 860 597 epitha-

73 597 215 633 lamum
245 607 386 633 canens
414 602 451 633 et
478 597 607 633 dicens
631 610 639 634 ε
669 599 862 634 Osculetur

72 653 128 680 me
148 645 270 680 osculo
288 646 362 679 oris
386 645 473 679 sui?
492 644 630 681 Christi
651 646 862 691 generatio-

79 701 182 736 nem,
211 694 246 728 et
279 690 407 727 Mariae
439 692 748 738 assumptionem,
777 692 861 738 quis

76 737 298 775 enarrabit?
331 738 519 781 Quantum
540 739 641 775 enim
669 739 801 785 gratiae
822 739 859 775 in

73 785 187 822 terris
214 790 271 822 est
303 785 442 832 adepta
474 795 553 832 prae
580 785 750 831 caeteris:
776 791 859 823 tan-

75 835 154 869 tum
173 836 212 869 et
230 831 267 869 in
290 832 396 869 coelis
417 832 565 870 obtinet
580 833 712 880 gloriae
734 832 859 880 singu-

75 879 180 916 laris.
214 880 318 924 Quod
349 879 380 915 si
413 881 538 916 oculus
571 892 640 917 non
663 882 774 925 vidit,
798 892 861 917 nec

77 930 183 964 auris
204 928 366 971 audivit,
391 938 454 964 nec
480 930 517 964 in
544 939 604 964 cor
633 928 791 965 hominis
820 940 860 964 α-

77 975 232 1020 semem,
255 985 335 1021 (121ae
351 977 580 1022 praeparavit
596 978 690 1012 Deus
715 977 774 1020 iis,
797 977 863 1022 qui

80 1022 244 1068 diliyunt
265 1023 372 1058 illum
391 1034 399 1066 3
429 1023 529 1068 quod
549 1023 777 1070 praeparavit
799 1023 862 1069 gi-

78 1069 209 1116 gnenti
228 1080 282 1113 se,
303 1070 451 1116 etquod
470 1070 515 1107 de
529 1071 703 1107 omnibus
717 1074 861 1107 certum

78 1120 148 1162 est,
171 1116 342 1163 diligenti
367 1128 406 1153 se
434 1127 513 1163 prae
549 1118 738 1162 omnibus,
777 1117 863 1163 quis

79 1164 286 1209 loquetur?
312 1163 411 1199 Felix
436 1165 546 1209 plane
573 1165 686 1201 Maria
706 1169 743 1201 et
766 1166 860 1201 mul-

78 1210 261 1258 tipliciter
287 1210 388 1256 felix,
414 1211 492 1248 sive
511 1222 596 1248 cum
625 1211 762 1259 excipit
781 1212 861 1249 Sal-

78 1262 262 1304 vatorem,
283 1257 360 1295 sive
381 1269 467 1295 eum
486 1270 509 1295 a
531 1259 724 1296 Salvatore
746 1260 861 1296 susci-

75 1305 200 1354 pitur!
224 1319 243 1339 »
269 1306 350 1343 haec
369 1307 592 1343 Bet-nardus.
618 1306 722 1343 Unde
747 1306 861 1343 etiam

76 1353 131 1390 sic
160 1352 214 1390 ait
238 1354 435 1390 Anselmus
472 1365 480 1390 :
517 1368 534 1387 «
573 1355 663 1392 Cum
691 1353 861 1392 Christus

78 1402 238 1438 Matrem
266 1403 305 1437 in
331 1411 492 1448 regnum
520 1412 627 1438 suuni
651 1412 858 1446 assumere,

78 1452 116 1485 et
142 1447 176 1485 ei
204 1447 529 1494 magnificentiam
567 1448 698 1496 gloria}
728 1449 858 1485 dcere-

78 1496 192 1532 visset
209 1497 425 1540 ostendere,
446 1497 564 1543 cujus,
590 1497 860 1543 1›recor,‹ligni-

79 1544 168 1580 tatis
189 1546 226 1579 et
245 1543 403 1580 honoris
423 1544 669 1590 apparatibus
686 1543 859 1580 intende-

78 1592 143 1628 bat
178 1594 258 1627 tota
291 1590 397 1627 curia
430 1591 697 1639 Angelorum?
720 1590 860 1635 Quibus

78 1638 232 1675 vocibus
268 1638 544 1684 exsultationis,
572 1643 686 1685 atque
729 1637 860 1675 salutis

77 1686 309 1723 resonabant
329 1685 506 1722 universa
527 1687 772 1723 tabernacula
792 1696 858 1722 an-

77 1733 269 1780 tiquorum
285 1733 455 1775 Patrnm,
473 1733 542 1780 ipsi
559 1734 672 1770 curiae
690 1736 779 1769 tnnc
794 1744 860 1769 nu-

76 1791 147 1828 per
167 1780 470 1818 associatorum?
496 1782 603 1818 Certe
634 1780 860 1817 crediderim

78 1838 212 1865 omnes
248 1827 351 1864 illius
387 1829 519 1875 patriae
541 1830 640 1865 cives
677 1827 859 1865 festiviori

80 1875 205 1920 solito,
234 1878 271 1912 et
297 1875 528 1913 sublimioris
555 1875 701 1913 decoris
737 1875 861 1911 nitore

79 1924 127 1961 ad
147 1922 350 1960 adventum
369 1924 498 1960 Matris
519 1923 667 1960 Domini
687 1924 741 1960 sui
761 1934 859 1969 prae-

79 1969 222 2019 parari,
243 1981 288 2007 ac
310 1981 408 2007 nova
442 1972 605 2018 quadam
626 1976 663 2008 et
679 1969 860 2007 ineffabili

76 2017 328 2066 jucunditatis
367 2023 504 2066 grana,
542 2030 609 2065 pro
647 2022 763 2055 tantae
807 2017 861 2054 rei

82 2065 363 2112 exspectatione
400 2067 645 2114 conjubilare.
681 2067 725 2102 Et
755 2064 861 2112 quid,

81 2113 290 2150 nimirum?
308 2115 391 2160 Ipse
413 2115 536 2158 Jesus,
558 2115 656 2150 Deus
676 2117 713 2149 et
734 2112 862 2149 Domi-

81 2171 153 2198 nus
173 2162 356 2199 omnium.
377 2160 492 2198 Filius
509 2161 626 2207 ipsius
641 2160 863 2197 castissimae

83 2207 264 2254 Virginis,
292 2211 329 2244 et
355 2208 525 2245 Dominae
555 2219 695 2253 rtrum,
719 2207 799 2255 ipse
830 2207 863 2244 ei

83 2255 182 2292 sicut
196 2255 316 2292 unica:
338 2266 416 2292 suae
436 2255 561 2300 Matri,
579 2260 681 2292 totus
707 2256 865 2291 festinus

82 2313 283 2340 occurrere
318 2303 481 2347 volebat,
506 2314 552 2340 ne
587 2307 624 2340 et
651 2302 789 2349 aliquis
819 2302 865 2338 de

83 2348 333 2387 familiarum<
366 2353 443 2387 suis
481 2361 520 2388 se
555 2361 577 2387 a
615 2350 708 2386 tanti
737 2349 865 2397 gaudii

83 2397 341 2434 immensitate
361 2399 613 2435 subtraheret.
636 2398 770 2445 Utique
790 2407 866 2433 mo-

84 2444 138 2480 ris
164 2444 264 2481 inter
280 2445 453 2482 homines
471 2456 552 2483 esse
578 2445 706 2489 scitur,
727 2455 867 2481 unum-

88 2502 278 2538 quemque
291 2493 428 2530 bonum
442 2503 591 2530 servum
606 2494 788 2540 cujusque
803 2494 869 2527 tlo-

91 2538 184 2575 mini
213 2541 474 2587 praepotentis‚
505 2551 549 2578 eo
570 2541 702 2586 majori
732 2538 869 2586 gaudio

85 2586 123 2623 in
145 2586 310 2625 adventu
343 2587 455 2625 amici
477 2588 534 2625 sui
564 2588 764 2630 exsultare,
795 2598 868 2633 quo

88 2633 213 2681 ipsum
241 2635 436 2673 dominum
464 2647 571 2673 suum
594 2634 868 2682 cognoscitad-

87 2685 305 2720 ventantem
317 2683 481 2721 amicum
491 2683 610 2730 magis
631 2682 870 2720 amare.Cnm

86 2739 176 2766 vero
211 2729 259 2767 de
296 2731 461 2768 adventu
497 2735 698 2779 parentum
725 2728 870 2767 domini

88 2775 146 2813 sui
174 2776 315 2824 agitur,
344 2779 390 2816 de
417 2790 578 2827 quorum
604 2777 755 2825 speciali
778 2777 870 2814 dile-

214 2841 308 2891 VrrA⁴
320 2843 406 2876 Jnsn
423 2844 579 2878 (innisri.
600 2851 711 2876 murs
728 2842 790 2874 IV.

935 220 1058 256 ctione
1090 218 1214 255 nullus
1242 217 1316 254 ulla
1341 215 1575 252 dubitatione
1605 220 1711 253 tene-

935 272 1009 306 tur,
1042 266 1104 302 ille
1138 265 1314 301 nimii-um
1350 263 1470 307 magis
1497 262 1643 299 felicem
1671 275 1710 300 se

935 312 1186 358 aestimat‚qui
1204 311 1334 357 majori
1353 311 1475 357 jubilo
1495 315 1531 346 et
1553 310 1712 346 festivio-

935 361 966 397 ri
996 371 1151 396 occursn
1186 358 1323 394 laviniae
1360 361 1466 394 trena
1497 358 1652 394 relaxat.
1676 357 1713 394 Si

935 418 1026 452 ergo
1040 408 1119 443 haec
1135 405 1234 442 itase
1251 406 1392 441 iialwnt
1409 405 1507 451 apud
1527 404 1715 451 homines,

935 454 1072 501 quibus
1090 454 1119 489 si
1147 464 1222 499 qna
1252 452 1399 487 bonitas
1428 456 1498 496 est,
1530 451 1640 499 longe
1659 456 1717 489 ta-

934 513 1021 539 men
1041 510 1291 548 supcrnorum
1307 499 1442 534 civium
1465 498 1623 535 bonitati
1648 500 1718 535 iin-

934 560 1003 597 par
1017 552 1088 593 est,
1106 546 1383 593 contempletur
1399 546 1541 598 animo,
1559 549 1622 592 qui
1643 550 1720 592 pot-

936 601 1006 641 cst,
1025 607 1099 643 quo
1119 594 1272 642 gaudio,
1294 603 1368 639 qna
1390 594 1607 638 festivitate,
1627 595 1718 640 qui—

934 644 1006 681 bus
1026 642 1272 680 concentibus
1288 639 1453 687 jubilant
1475 651 1608 677 omnes
1626 642 1714 678 lma-

935 694 1060 728 tornm
1091 689 1289 737 spirituum
1317 686 1483 732 omlnes,
1507 689 1657 734 quando
1678 692 1711 724 et

935 738 1087 775 unicam
1107 740 1267 774 matrem
1286 734 1435 771 Domini
1453 734 1509 770 sni
1532 735 1713 771 adventa-

935 797 990 830 re,
1014 789 1051 822 et
1080 785 1202 831 ipsum
1235 781 1439 819 Dominum
1464 783 1583 818 Deum
1604 793 1715 819 snum

935 833 969 870 ei
990 833 1168 869 videbant
1194 831 1296 868 omni
1319 828 1440 875 gloria
1462 840 1529 866 sua
1557 830 1720 865 decora-

935 884 1017 916 tum
1038 879 1134 916 velle
1157 888 1371 915 occurrere.
1401 875 1569 923 Stipatus
1592 876 1719 923 itaque

938 927 1040 963 mille
1060 927 1238 970 millibus,
1275 926 1349 961 imo
1381 923 1719 960 innumerabilium

936 975 1168 1021 Angelorum
1206 971 1422 1019 agminibus
1442 998 1451 1014 ,
1497 972 1596 1007 Deus
1640 970 1719 1017 ipse

937 1023 1023 1058 huic
1044 1021 1225 1068 piissima}
1247 1018 1355 1056 Matri
1377 1029 1454 1054 suae
1475 1018 1722 1054 dehocmun-

937 1070 984 1105 do
1006 1069 1185 1114 migranti
1213 1066 1390 1106 occurrit,
1421 1076 1580 1111 eamque
1610 1076 1721 1112 supi-r

938 1127 1070 1153 omnes
1106 1117 1222 1152 coelos
1250 1113 1466 1152 ex:·ltata1n.
1493 1116 1637 1148 cunctae
1661 1123 1719 1148 se-

938 1175 1021 1200 cum
1047 1168 1231 1199 crcaturae
1252 1159 1409 1208 perenni
1428 1160 1514 1206 jure
1542 1159 1720 1196 domina—

937 1216 1061 1248 turam
1081 1210 1121 1246 in
1142 1211 1280 1246 throno
1301 1207 1432 1255 gloriae
1459 1206 1667 1243 codocavit.
1693 1208 1720 1243 Ο

938 1258 1019 1294 (lies
1041 1259 1137 1294 tanti
1165 1266 1341 1293 occursus
1372 1253 1553 1301 g10riosa‚
1576 1257 1612 1290 et
1634 1254 1720 1290 felix

937 1306 1017 1342 dies
1035 1309 1111 1342 tam
1134 1304 1330 1352 praeclarae
1352 1301 1609 1338 exaltationis!
1630 1303 1721 1338 Bea-

936 1357 975 1390 ta
995 1358 1031 1389 et
1053 1352 1214 1389 celebris
1231 1351 1324 1395 dies,
1345 1353 1422 1386 tam
1445 1348 1615 1385 sublimis
1634 1351 1714 1395 gio-

935 1400 1158 1436 rincationis
1180 1398 1323 1436 l'cstiva.
1341 1400 1376 1433 et
1398 1395 1499 1432 ‹·mni
1514 1396 1640 1432 seculo
1655 1396 1718 1431 ad-

935 1447 1142 1484 mirabilis!
1167 1446 1251 1483 Dies
1277 1443 1379 1482 enim
1404 1444 1470 1480 illa
1491 1454 1566 1479 non
1595 1443 1716 1479 solnm

934 1490 1719 1541 temetipsam,Domina,ineffabilitersub-

935 1542 1092 1585 limavit,
1120 1542 1187 1578 sed
1207 1540 1343 1577 coelum
1365 1539 1502 1586 ipsum,
1523 1538 1622 1591 quod
1643 1549 1717 1585 pe-

934 1589 1107 1633 netrasti,
1136 1599 1205 1625 nee
1228 1598 1302 1624 non
1331 1590 1480 1630 cuncta,
1501 1596 1585 1631 quae
1611 1596 1649 1621 in
1674 1596 1717 1622 eo

935 1640 1032 1676 sunt,
1052 1647 1150 1673 nova
1173 1639 1210 1672 ct
1231 1633 1485 1671 inaestimabili
1511 1633 1634 1679 gratia
1654 1632 1719 1669 dc-

936 1684 1091 1721 coravit.
1123 1686 1228 1720 Nox-a
1257 1682 1411 1728 quidem
1439 1681 1564 1727 gratia
1584 1680 1717 1716 coelnm

935 1731 1142 1775 decoravit,
1158 1731 1247 1777 quia
1268 1729 1433 1775 priorem
1455 1727 1615 1774 gloriam
1636 1729 1719 1771 ejus

936 1790 979 1816 ex
1015 1778 1219 1826 praesentia
1258 1782 1336 1821 tua,
1377 1778 1478 1812 ultra
1513 1785 1625 1822 quam
1648 1775 1718 1811 dici

935 1827 1055 1874 possit
1073 1830 1137 1862 aut
1152 1823 1325 1872 cogitari,
1337 1822 1610 1866 magnificavit.
1628 1824 1720 1858 Nam

936 1879 991 1914 tu,
1014 1885 1035 1910 o
1059 1873 1233 1914 Domina,
1260 1872 1347 1908 illuc
1376 1870 1600 1912 ascendens,
1625 1880 1722 1906 nova

936 1922 1027 1958 illud
1051 1932 1094 1957 ac
1116 1918 1349 1967 praecellenti
1368 1918 1546 1954 virtutum
1570 1921 1719 1970 tuarum

937 1968 1123 2014 dignitate
1143 1967 1320 2011 irradias,
1335 1967 1595 2012 immensaque
1610 1975 1720 2000 misc-

937 2016 1126 2053 rationum
1137 2019 1173 2052 ct
1185 2014 1394 2062 gratiarum
1405 2013 1486 2050 luce
1496 2012 1717 2059 perlustras.

938 2064 1076 2101 Eadem
1096 2074 1246 2110 quoque
1269 2062 1350 2098 dies
1369 2062 1421 2097 tui
1440 2071 1633 2103 ascensus,
1656 2070 1719 2096 eos

939 2111 1003 2158 qui
1027 2110 1124 2146 cives
1146 2110 1286 2147 coeliab
1304 2108 1410 2145 initio
1431 2112 1614 2160 creaturae
1635 2117 1718 2160 esse

939 2162 1172 2203 meruerunt,
1190 2159 1300 2193 solito
1325 2155 1506 2192 testiviori
1527 2156 1716 2190 exsultan-

940 2208 1023 2243 onis
1041 2205 1179 2251 gaudio
1201 2204 1334 2241 induit.
1356 2202 1450 2246 Quia
1467 2212 1631 2248 namque
1644 2211 1718 2254 'per

940 2252 1147 2298 gloriosum
1168 2254 1329 2289 fructum
1353 2248 1715 2302 t‘oecundaeyirgim-

940 2300 1030 2337 tatis
1046 2299 1276 2342 tuae,vi‹lent
1295 2300 1515 2335 semirutam
1527 2299 1716 2348 Civitatem

942 2359 1048 2384 snam
1072 2347 1324 2390 reintegtrari3
1353 2355 1440 2380 vere
1466 2344 1503 2379 in
1531 2349 1595 2379 tuo
1620 2343 1718 2379 sellct

942 2395 1121 2439 adventu,
1155 2405 1223 2441 per
1258 2403 1370 2439 quem
1400 2395 1547 2428 tantum
1578 2392 1719 2427 bonum

942 2440 1311 2488 merueruiit.gaudii
1328 2439 1383 2475 sui
1399 2439 1622 2485 magnitudo
1636 2438 1722 2485 jure

945 2490 1078 2527 debuit
1098 2487 1353 2536 augmvntari.

991 2541 1009 2581 4
1052 2539 1276 2573 Exsrmfflo
1311 2546 1434 2571 TERRAE
1472 2545 1514 2570 ET
1557 2544 1646 2569 Laus
1683 2535 1725 2570 B.

945 2587 1086 2621 MAmffi.
1106 2605 1151 2611 —
1168 2587 1322 2621 Terram
1345 2582 1458 2619 etiam
1486 2581 1566 2617 dics
1585 2580 1725 2617 exalta-

945 2634 1058 2669 tionis
1078 2637 1163 2672 tuae.
1187 2643 1208 2669 o
1241 2629 1461 2669 beatissima
1484 2627 1725 2671 seminarum,

945 2680 1042 2717 mira
1076 2679 1199 2726 gratia
1224 2679 1410 2726 irrigavit,
1431 2676 1520 2724 qnia
1548 2677 1636 2728 dum
1675 2679 1724 2716 te.

946 2738 1056 2775 quam
1076 2728 1122 2764 de
1138 2739 1178 2764 se
1199 2726 1288 2763 etin
1301 2725 1512 2763 sealiorum
1527 2724 1722 2759 hominum

947 2776 1030 2821 lege
1043 2774 1278 2822 progenitam
1291 2773 1537 2818 novit‚usque
1551 2771 1597 2808 ad
1618 2770 1728 2807 Crea-

1606 2838 1644 2869 to
