1924 3157
157 157 189 189 ἐἰ
617 157 823 190 Μ”,ίἸΙἻΙὶκΕ
864 157 1025 191 ΡᾸΠΤΝ
1063 157 1201 191 (ΣΑΙἸἺΤ
1241 156 1314 189 LX!

152 228 250 271 Jesu,
281 228 346 272 qui
372 227 577 262 Judaeorum
604 227 773 262 manibus
796 229 929 270 faciem

154 278 253 309 tuam
270 276 572 320 speciosissimam
593 274 682 309 caedi
699 276 863 318 voluisti,
882 276 929 310 da

154 323 246 356 mihi
265 324 439 364 inunn'nis
461 326 528 356 tuae
545 322 679 364 faciem
700 323 737 356 in
758 333 813 357 me
837 333 929 357 sem-

153 379 217 414 per
247 369 429 403 illibatam
459 370 682 413 z'llaesumque
708 380 930 415 conservare,

152 426 195 450 ne
213 416 356 460 quando
380 417 620 460 iniquitatum
641 427 801 452 mearum
822 419 929 453 scele-

151 464 244 497 raus
265 463 432 497 munibus
454 464 622 499 violetur.

205 512 243 544 15
268 511 518 544 l’norflissntnui
546 522 742 554 EXPE'HTlO,
766 523 931 551 Qum-uon

153 567 361 591 nucinum]
389 568 429 591 nx
461 569 519 603 uA,
547 569 656 594 ACTUs
686 570 928 594 coxi-unnim-

152 614 232 638 oxis
261 615 302 638 nr
326 615 469 641 ORATIO.
494 625 531 630 —
555 607 603 641 Ec
623 607 788 640 ministri
807 607 929 651 alapis

154 660 232 684 eum
269 652 465 694 caedebimt,
500 652 571 687 hoc
604 657 661 688 est
693 654 727 687 in
762 653 930 689 maxillas

153 707 237 732 eum
276 698 548 744 percutiebant.
589 701 638 735 De
674 710 748 745 quo
788 700 929 745 poteris
968 743 969 746 Ἰ

153 744 341 787 meditari,
375 745 467 781 sicut
495 746 634 782 dictum
663 750 719 781 est
745 757 858 792 supra
884 748 929 783 de
968 751 969 784 i

153 791 400 837 alapizationc
438 804 563 828 coram
599 795 708 829 Anna
748 794 928 830 Pontitice

152 838 262 874 facta.
286 841 332 874 Et
355 840 606 883 percutientes
627 851 712 876 eum
734 840 771 876 in
792 841 927 887 capite,

152 887 426 931 interi-offalmnt
447 898 539 931 cum,
560 888 716 923 dicentes
736 901 746 923 .·
768 890 928 934 Prophe-

153 934 226 967 tiza
246 935 362 976 nobis,
384 935 535 978 Christe,
552 937 635 979 quis
652 938 703 969 est
722 937 786 980 qui
806 939 838 970 te
852 947 929 981 per-

155 983 292 1016 cussit?
320 981 391 1017 Sed
415 980 453 1016 in
477 992 639 1027 quanam
666 987 769 1027 parte
800 982 931 1029 capitis

151 1027 408 1073 percusserint
435 1039 534 1073 euin,
566 1034 655 1064 tunc
680 1030 832 1074 quando
861 1033 930 1066 hoc

154 1073 341 1117 dicebant,
368 1075 412 1110 de
441 1076 511 1111 hoc
539 1077 784 1122 Evangelisne
808 1077 929 1113 diver-

154 1122 297 1157 simode
323 1122 549 1168 loquiintur;
573 1124 673 1159 unde
696 1128 818 1170 potest
841 1125 928 1169 dici,

152 1168 252 1213 quod
273 1180 355 1205 cum
372 1170 558 1205 velasscnt
578 1171 711 1207 faciem
732 1172 827 1217 ejus,
847 1172 929 1217 qui-

152 1215 242 1251 libet
257 1227 386 1252 eorum
402 1217 584 1263 percussit
601 1229 687 1254 eum
707 1219 767 1255 ubi
787 1219 928 1255 voluit:

155 1262 268 1308 aliqui
291 1263 329 1298 in
348 1264 457 1302 collo.
482 1264 544 1300 alii
569 1265 605 1300 in
631 1266 778 1311 faciem,
805 1266 866 1302 alii
893 1266 930 1302 in

154 1310 334 1346 maxillas,
357 1313 403 1347 Et
424 1311 476 1347 sic
498 1313 750 1358 percutientes
776 1316 929 1349 interro-

153 1358 291 1401 gabant
311 1370 403 1402 eum,
425 1360 583 1395 dicentes
603 1373 613 1395 .-
634 1361 854 1405 Prophetizu
870 1372 929 1396 no-

156 1405 222 1448 bis,
246 1406 398 1449 Christe,
418 1408 500 1451 quis
522 1411 572 1442 est
591 1409 656 1453 qui
675 1412 709 1443 te
727 1410 930 1454 percussit?

154 1452 197 1486 Et
230 1452 299 1487 hoc
332 1452 513 1489 derisorie
546 1454 736 1498 dicebant,
758 1455 865 1501 quasi
892 1455 930 1490 in

154 1498 419 1535 contumeliam
444 1501 536 1545 ejus,
560 1501 622 1547 qui
643 1512 681 1537 se
704 1503 929 1548 Prophetam

154 1556 176 1581 a
194 1546 333 1592 populo
355 1547 484 1583 haberi
506 1548 665 1593 volebat,
687 1552 722 1585 et
740 1560 850 1596 quem
870 1560 930 1595 po-

154 1593 264 1638 pulus
276 1604 456 1639 magnum
470 1596 695 1641 Prophetam
710 1597 906 1643 reputabat
920 1609 928 1641 ;

154 1650 220 1685 per
240 1641 310 1676 hoc
331 1641 432 1677 enim
461 1643 709 1689 designabant
729 1646 827 1689 quod
854 1645 929 1680 sal—

153 1698 218 1722 sus
239 1688 427 1734 Propheta
444 1694 542 1725 esset
561 1695 596 1726 et
619 1691 717 1736 quod
739 1692 931 1738 ignoraret

154 1734 237 1779 quis
252 1745 335 1770 euin
355 1739 614 1782 percussisset.
632 1738 736 1774 Unde
758 1740 929 1784 Theophi-

154 1782 211 1816 lus
222 1781 325 1826 dicit,
336 1784 436 1828 quod
450 1784 629 1821 Dominus
646 1787 929 1831 Prophetarum,

154 1831 193 1863 ut
214 1830 538 1877 pseudopropheta
557 1832 759 1869 deluditur.
783 1835 825 1869 Et
843 1845 932 1879 quo-

155 1886 257 1912 niam
279 1877 348 1923 ipsi
370 1890 452 1914 euin
475 1878 546 1914 illis
563 1881 687 1916 verbis
708 1880 929 1925 irridebant,

155 1927 191 1976 et
218 1924 327 1976 'quasi
355 1926 557 1962 ludibrium
585 1927 630 1963 de
658 1939 700 1963 eo
728 1928 929 1968 faciebant,

154 1971 292 2006 idcirco
306 1972 359 2008 eis
374 1973 465 2008 nihil
484 1975 750 2020 respondebat.
769 1977 813 2011 Ut
831 1975 930 2011 enim

155 2017 245 2054 dicit
270 2021 522 2065 Hieronymus,
553 2022 708 2058 stultum
735 2026 815 2058 erat
840 2034 931 2058 ver-

154 2065 373 2102 berantibus
395 2069 635 2114 respondere,
652 2075 687 2105 et
706 2071 932 2116 prophetare

156 2113 378 2165 caedenteni,
410 2126 493 2151 cum
530 2116 652 2162 palam
687 2117 932 2163 percutientis

154 2160 301 2196 insania
322 2162 521 2198 videretur.
543 2165 591 2198 Ex
612 2164 683 2199 hoc
703 2164 860 2201 articulo
875 2165 932 2200 lu-

155 2206 327 2243 dibriosae
343 2209 582 2255 expetitionis
599 2212 848 2257 prophetandi
867 2213 931 2247 ha-

154 2254 458 2300 benturquatuor
469 2257 755 2295 documenta.—
768 2259 933 2295 Primum

155 2305 224 2345 est,
245 2303 344 2347 quod
365 2315 439 2340 non
459 2304 658 2341 illudamus
683 2306 843 2350 ChriSto,
864 2317 932 2352 pu-

156 2352 279 2385 tantes
302 2351 401 2386 mula
421 2356 548 2387 nostra
569 2363 643 2388 non
665 2352 783 2390 videri
805 2354 851 2389 ab
873 2365 931 2390 eo.

153 2397 259 2439 Nam,
296 2398 501 2434 secundum
527 2400 680 2444 Bedam,
708 2400 933 2447 quicumque

154 2443 325 2492 reprobis
338 2445 481 2481 actibus
493 2457 577 2482 euin
593 2448 831 2492 exacerbant,
844 2448 932 2483 dum

153 2491 399 2536 cogltatifflies
423 2498 459 2527 et
481 2503 595 2538 opera
618 2495 860 2530 tenebrarum
886 2495 932 2531 ab

155 2548 199 2573 eo
214 2537 330 2573 videri
349 2549 420 2574 non
435 2544 575 2584 putant,
593 2551 697 2585 quasi
714 2541 931 2587 illudentes,

154 2584 283 2620 dicunt
305 2597 312 2620 :
337 2586 424 2629 Quis
445 2591 496 2622 est
517 2590 581 2632 qui
606 2592 640 2622 tc
661 2591 867 2634 percussit?
888 2609 932 2615 —

156 2632 368 2668 Secundum
405 2637 474 2673 cst,
515 2635 614 2680 quod
652 2636 932 2672 consideremus

155 2679 419 2724 nosmetipsos,
443 2680 473 2716 si
496 2692 669 2727 umquam
694 2694 804 2719 manu
826 2684 930 2729 pravi

155 2726 279 2773 operis
297 2727 485 2764 Christum
499 2730 811 2775 percusserimus;
830 2731 929 2777 quod

151 2773 179 2809 si
215 2774 415 2817 nescimus,
441 2780 696 2823 exspectamus
718 2777 777 2825 pia
805 2778 879 2813 fide
905 2789 927 2814 a

1005 227 1151 263 Christo
1185 226 1283 272 qnod
1315 226 1435 261 Judaei
1464 225 1629 263 irrisorIe
1660 227 1705 264 ab
1732 237 1777 264 eo

1006 278 1220 320 exegerunt,
1242 278 1281 309 ut
1301 273 1534 319 prophetizet
1556 274 1678 315 nobis,
1703 275 1778 311 do—

1006 324 1122 358 cendo
1142 331 1209 357 nos
1227 330 1452 366 cognoscere
1468 322 1596 366 culpas
1616 326 1776 358 nostras.

1010 390 1051 396 —-
1072 368 1235 404 Tertium
1257 372 1326 409 est,
1349 368 1449 413 quod
1473 379 1538 404 nos
1563 380 1693 405 cavere
1715 371 1779 405 ‹le-

1006 417 1149 459 henim,
1174 427 1218 451 nc
1240 427 1262 451 a
1282 416 1426 452 Christo
1450 416 1700 461 prophetiam,
1722 416 1779 452 vel

1007 463 1229 499 miraculum
1251 461 1429 498 tentative
1451 466 1678 507 expetamus.
1705 464 1779 499 Un-

1006 511 1051 546 de
1069 509 1119 545 ait
1134 511 1363 554 Auyustinus
1384 522 1394 544 .·
1417 522 1433 541 «
1458 509 1613 552 Quantis
1635 520 1779 545 mecum

1007 559 1289 603 suggestionum
1326 556 1666 592 machinationibus
1705 556 1782 602 agit

1006 604 1194 648 inimicus,
1218 607 1255 639 ut
1283 604 1429 649 signum
1454 604 1605 650 aliquod
1631 604 1781 650 petam?

1007 652 1078 687 Sed
1099 652 1253 687 obsecro
1276 655 1326 695 te,
1350 652 1518 695 Domine,
1540 654 1578 686 ut
1600 651 1781 696 quemad·

1006 700 1157 734 modum
1176 710 1196 734 a
1213 709 1271 734 me
1287 698 1395 740 longe
1410 701 1463 734 est
1481 697 1551 733 ista
1567 697 1780 742 consensio,

1008 746 1057 781 ita
1090 745 1137 781 sit
1166 756 1314 791 semper
1344 745 1469 790 longe,
1495 749 1606 790 atque
1634 745 1783 791 longius

1005 792 1085 838 ipsa
1101 792 1324 839 cogitatio.»
1342 814 1386 818 ——
1402 796 1579 835 Quartum
1596 795 1665 834 est,
1682 792 1782 838 quod

967 836 970 846 ⁴
1006 839 1170 885 indignis
1188 851 1263 875 non
1283 845 1336 875 est
1357 840 1621 875 effundendum
1643 839 1784 875 donum

1007 887 1090 930 Dei;
1115 887 1215 922 unde
1240 886 1326 922 licet
1357 886 1525 922 Christus
1552 889 1650 922 esset
1677 896 1784 922 verns

1009 934 1208 979 Propheta,
1230 933 1350 969 noluit
1380 937 1503 968 tamen
1525 933 1786 979 prophetizare

1007 980 1221 1017 irrisoribus
1254 980 1342 1020 suis,
1375 980 1426 1016 sic
1454 985 1491 1016 et
1519 983 1690 1016 doctores
1716 990 1784 1026 pro

1007 1032 1176 1074 tempore
1201 1031 1238 1063 et
1267 1028 1349 1063 loco
1378 1028 1517 1063 debent
1540 1028 1696 1064 verbum
1718 1028 1785 1064 Dei

1008 1076 1226 1111 subtrahero
1241 1075 1474 1111 auditoribus
1486 1074 1664 1121 indignis.
1676 1075 1785 1110 -Ad

1008 1123 1320 1158 conformandum
1341 1133 1379 1158 se
1404 1122 1489 1158 huic
1518 1123 1690 1167 articulo,
1719 1133 1787 1158 re-

1007 1170 1144 1216 cogitet
1176 1171 1286 1205 homo
1309 1173 1487 1215 quantam
1512 1167 1726 1206 irrisionem
1751 1174 1788 1205 et

1007 1217 1294 1253 int'atuationem
1312 1216 1493 1252 Dominus
1511 1221 1639 1252 noster
1656 1216 1694 1252 in
1714 1217 1784 1252 hoc

1008 1265 1103 1301 facto
1130 1268 1186 1300 est
1216 1275 1360 1309 passus,
1383 1267 1419 1300 et
1449 1264 1636 1310 quomodo
1665 1263 1784 1300 Judaei

1006 1312 1135 1348 ludum
1168 1311 1272 1357 quasi
1306 1322 1508 1356 puerorum
1539 1311 1708 1347 fecerunt
1739 1313 1784 1347 de

1007 1370 1069 1402 eo;
1093 1364 1129 1395 et
1149 1362 1242 1404 oret,
1263 1358 1421 1394 dicendo
1445 1370 1452 1394 :
1475 1361 1572 1402 Jesu‚
1598 1360 1662 1404 qui
1683 1359 1783 1394 ludi—

1009 1407 1097 1441 briis
1126 1407 1330 1442 Juclaeorum
1354 1416 1546 1452 percussus
1577 1408 1617 1441 in
1650 1408 1782 1451 capite,

1004 1455 1258 1499 prophelz'zare
1278 1457 1426 1489 exactus
1445 1454 1568 1497 fuisti,
1586 1454 1784 1498 propheti-

1006 1512 1049 1536 za
1072 1505 1111 1536 tu
1127 1502 1230 1545 mihi,
1255 1501 1408 1544 obsecro,
1428 1501 1581 1544 Christe,
1599 1503 1639 1535 ut
1659 1510 1784 1544 coquo-

1006 1559 1102 1584 scam
1134 1550 1216 1593 quis
1243 1551 1275 1583 et
1306 1550 1427 1593 quatis
1461 1559 1523 1592 eqo
1553 1549 1662 1582 miser
1689 1557 1783 1592 sum,

1008 1597 1072 1640 qui
1089 1599 1192 1631 toties
1208 1607 1317 1631 manu
1333 1597 1443 1642 pravi
1462 1596 1593 1641 ορενὶε,
1609 1595 1703 1640 proh
1723 1595 1782 1630 clo-

1007 1644 1085 1678 Ior!
1107 1647 1139 1678 te
1158 1644 1335 1688 percussi.

1058 1690 1097 1725 1ss
1122 1692 1322 1726 Mummio
1351 1701 1460 1725 suren
1482 1700 1649 1725 LunfflmA
1668 1691 1783 1726 CHRI-

1006 1748 1070 1772 sri.
1093 1758 1138 1765 —
1157 1739 1312 1784 Insuper
1331 1740 1434 1782 potes
1455 1736 1568 1772 etiam
1596 1737 1784 1782 meditari,

1007 1785 1105 1830 quod
1129 1797 1136 1820 ε
1158 1785 1219 1820 alii
1235 1796 1346 1820 manu
1360 1795 1510 1820 reversa
1526 1784 1782 1820 dulcissimum

1006 1838 1042 1867 et
1072 1831 1291 1868 mellifluum
1327 1842 1368 1867 os
1394 1831 1475 1877 ejus
1506 1831 1781 1877 percutiebant,

1007 1879 1067 1914 alii
1082 1880 1215 1925 pugnis
1230 1890 1314 1915 eum
1329 1878 1538 1922 caedebant,
1554 1878 1617 1914 alii
1633 1879 1783 1915 sanctis-

1006 1927 1138 1962 simam
1169 1926 1325 1963 barbam
1359 1926 1438 1971 ejns
1468 1926 1691 1971 evellebant,
1719 1926 1783 1962 alii

1009 1985 1074 2019 per
1103 1985 1190 2010 suos
1221 1973 1455 2010 venerabiles
1481 1972 1635 2019 capillos
1658 1973 1782 2019 ipsum

1008 2022 1221 2065 trahebant,
1245 2025 1281 2056 et
1300 2020 1423 2056 viliter
1442 2021 1539 2055 inter
1559 2022 1672 2066 pedes
1692 2031 1781 2056 con-

1009 2069 1218 2112 culcabant,
1240 2079 1282 2104 ac
1311 2070 1391 2104 sine
1414 2067 1625 2103 reverentia
1648 2072 1685 2103 et
1703 2067 1782 2114 pie-

1008 2120 1084 2152 tate
1099 2115 1224 2161 aliqua
1239 2115 1440 2151 Dominum
1458 2114 1687 2160 Angelorum
1705 2125 1784 2151 ma-

1011 2163 1042 2199 le
1058 2165 1282 2199 tractabant.
1296 2165 1341 2198 Et
1354 2162 1595 2198 nihilominus
1606 2163 1682 2198 alia
1693 2163 1784 2198 mul-

1010 2214 1047 2246 ta
1071 2211 1359 2256 blasphemantes
1386 2210 1553 2244 dicebant
1573 2212 1611 2244 in
1635 2220 1728 2252 eum,
1751 2212 1787 2245 et

1009 2257 1209 2294 faciebant.
1237 2258 1325 2294 Cum
1353 2256 1452 2292 enim
1479 2256 1726 2292 crudelissimi
1749 2261 1786 2292 et

1009 2307 1090 2341 sine
1112 2304 1372 2341 misericordia
1392 2306 1531 2347 esseut,
1557 2305 1683 2340 omnia
1704 2314 1784 2339 ma-

1009 2353 1044 2388 la
1068 2357 1104 2388 et
1124 2351 1322 2398 vituperia,
1346 2362 1429 2397 quae
1454 2354 1642 2396 poterant,
1665 2350 1698 2387 ei
1722 2351 1784 2387 sa·-

1009 2400 1185 2435 ciebant:
1210 2398 1273 2435 alii
1304 2410 1347 2435 ex
1376 2409 1443 2434 sua
1471 2398 1569 2434 mala
1593 2398 1783 2434 voluntate

1009 2447 1056 2483 ad
1076 2448 1145 2483 hoc
1165 2448 1271 2490 moti,
1293 2446 1355 2481 alii
1379 2449 1419 2481 ut
1446 2445 1635 2490 placerent
1662 2446 1784 2491 majo·

1009 2494 1126 2538 ribus,
1160 2493 1222 2539 qui
1252 2497 1360 2529 erant
1386 2492 1659 2529 immanissimi.
1689 2492 1781 2536 Quid

1008 2552 1096 2587 ergo
1111 2545 1151 2577 tu
1171 2542 1313 2576 faceres
1329 2540 1359 2576 si
1380 2540 1460 2575 haec
1480 2539 1626 2576 videres
1639 2539 1657 2575 ἱ)
1671 2541 1783 2575 Num-

1007 2589 1097 2634 quid
1123 2599 1198 2623 non
1221 2592 1256 2623 te
1285 2587 1489 2634 projiceres
1515 2597 1627 2632 super
1658 2585 1782 2632 ipsum

1006 2635 1219 2676 Dominum,
1239 2634 1395 2671 dicens:
1416 2633 1535 2670 Nolite
1550 2634 1643 2679 jam,
1665 2633 1780 2669 nolite

1005 2683 1128 2718 facere
1151 2686 1295 2719 tantum
1323 2682 1463 2717 malum
1487 2680 1644 2717 Domino
1671 2691 1777 2724 meo3

1005 2741 1090 2766 ecce
1120 2741 1193 2774 me,
1219 2730 1328 2765 facite
1353 2727 1459 2774 mihi,
1489 2738 1574 2764 ecce
1597 2727 1780 2774 percutite

1004 2787 1077 2822 me,
1105 2781 1142 2813 et
1173 2776 1332 2813 Domino
1360 2786 1443 2812 meo
1473 2778 1596 2811 tantas
1625 2773 1780 2821 injurias
