1924 3157
402 142 449 176 DE
488 141 759 176 ascsststowl
803 142 961 175 unitim

156 213 259 250 stetis
276 217 362 250 ante
386 224 493 260 reges
512 219 549 250 et
567 214 749 261 praesides
771 213 932 261 intrepi-

155 261 206 298 di.
228 261 331 298 Unde
350 263 624 306 Clu-ysostomus
646 274 654 298 ε
680 276 696 295 «
720 261 821 299 Sicut
843 261 936 297 mili-

152 313 208 345 tes
231 309 430 345 invasuros
451 311 602 353 multos,
620 321 730 346 nemo
751 309 840 346 sinit
864 308 935 344 cxi-

153 367 194 393 re
217 357 335 393 donec
351 357 486 393 armati
519 357 616 402 >int;
640 357 692 394 sic
713 361 749 394 et
773 357 934 403 discipu-

154 404 209 440 los
231 409 317 440 ante
342 404 504 451 Spiritus
538 406 663 441 Sancti
695 406 932 448 descensum,

153 451 200 487 ad
234 454 451 488 coutlictum
474 453 602 498 egi-cdi
633 463 704 488 non
735 452 932 498 permittit.

153 500 226 536 Cur
243 505 367 536 autem
393 511 465 536 non
484 499 632 537 Christo
655 503 857 546 praesente,
877 499 932 534 vel

153 546 279 583 statim
303 558 346 583 co
369 547 599 590 discedente,
619 547 781 594 Spiritus
804 545 934 584 venit?

153 595 247 638 Quia
264 596 421 631 ‹let-ebat
439 605 502 631 eos
528 595 609 631 fieri
632 594 788 641 cupidos
807 594 876 639 rei,
898 597 934 629 et

152 642 287 678 deinde
314 642 482 688 recipere
504 642 666 688 gratiam
690 654 698 686 ;
722 646 808 678 tunc
832 641 933 677 enim

153 690 273 733 magis
306 691 351 726 arl
389 692 506 726 Dcum
547 690 743 736 erigimur.
773 700 855 725 cum
879 689 934 725 in—

153 737 295 773 cuinliit
321 737 542 773 necessitas.
568 737 666 773 Dicit
685 741 810 773 autem
836 749 843 772 ε
868 739 936 772 Do-

154 795 217 820 nec
235 786 446 820 induamini
466 787 602 821 virtute
619 796 663 820 ea>
680 786 768 826 alto,
790 795 856 820 nec
878 796 936 820 ex-

179 834 288 868 ressit
313 833 477 878 quando,
505 837 543 868 ut
569 834 643 868 sint
665 832 808 879 jugiter
839 831 935 878 vigi·

168 890 222 917 es.
245 880 339 924 Quid
366 880 480 927 igitur
503 880 665 924 miraris,
689 880 718 915 si
747 880 845 915 diem
867 891 934 915 no-

152 927 349 964 vissimum
368 939 442 964 non
465 928 610 975 pandit,
632 928 694 963 ulii
715 927 814 963 diem
838 928 937 963 hunc

151 975 361 1021 proximum
380 986 447 1012 nec
470 976 634 1022 pandere
655 975 798 1011 voluit?
822 988 838 1007 »
856 976 936 1011 haeC

152 1023 441 1067 Chrysestomus.
463 1023 564 1059 Licet
578 1034 668 1068 ergo
685 1022 855 1059 Christus
874 1023 935 1059 de-

154 1070 272 1106 disset
298 1070 492 1117 discipulis
522 1071 801 1117 Scripturarnm
823 1070 935 1106 intel-

151 1116 306 1163 lectum,
334 1122 369 1154 et
385 1118 636 1154 commisisset
657 1117 935 1164 przedicationis

151 1165 334 1210 officium,
354 1169 479 1202 tamen
499 1165 642 1202 distulit
656 1165 934 1201 cxsecutionem

150 1212 399 1259 praedicandi,
423 1224 541 1260 usque
561 1214 608 1250 ad
631 1212 790 1259 Spiritus
809 1211 933 1249 Sancti

150 1260 409 1307 receptionem
450 1262 487 1297 in
533 1261 641 1307 signo
679 1260 831 1305 visibili,
868 1271 936 1307 per

150 1307 222 1344 hoc
256 1308 470 1353 insinuans,
494 1309 593 1355 quod
620 1308 830 1354 praedicans
851 1313 935 1344 actu

152 1355 259 1402 prius
272 1356 382 1392 debet
394 1357 534 1393 habere
551 1356 799 1393 sufficientem
812 1356 935 1392 Sacrae

152 1403 356 1450 Scripturae
384 1403 576 1448 notitiam,
601 1408 638 1440 et
658 1403 819 1451 gratiam
853 1403 934 1450 Spi-

151 1451 247 1488 ritus
273 1451 397 1487 Sancti
418 1462 486 1499 per
504 1452 776 1499 conjecturam,
793 1450 936 1487 scilieet

156 1498 256 1545 quod
280 1510 354 1535 non
372 1501 420 1535 sit
440 1499 690 1536 consciussibi
714 1500 759 1535 de
781 1502 935 1545 pet-cato

155 1545 318 1583 mortali.
341 1548 486 1584 Debent
507 1547 645 1594 quippe
667 1546 935 1594 praedicatores

152 1594 285 1630 sedere
308 1593 347 1630 in
368 1596 532 1639 civitate,
553 1595 590 1631 id
611 1600 668 1631 est
695 1596 732 1630 in
755 1595 932 1638 claustro,

154 1641 215 1677 ubi
236 1642 350 1678 debet
370 1653 452 1679 esse
474 1642 611 1679 civium
633 1642 772 1686 unitas,
795 1652 933 1677 vacan-

151 1687 199 1725 do
221 1689 271 1725 ibi
292 1690 417 1726 studio
439 1694 474 1726 et
489 1689 810 1736 contemplationi,
828 1693 866 1725 ut
883 1689 932 1726 ibi

150 1736 342 1782 hauriant,
366 1738 467 1783 quod
493 1739 734 1785 postmodum
761 1737 800 1772 in
828 1747 933 1783 prae-

152 1783 342 1821 dicatione
376 1785 461 1821 aliis
498 1785 706 1821 effundant.
745 1785 848 1821 Unde
881 1784 932 1821 ait

147 1833 391 1878 Hieronymus
415 1845 422 1870 ι
449 1833 545 1869 Nihil
568 1832 676 1869 nobis
705 1836 848 1869 rectum
874 1832 932 1868 vi-

149 1880 282 1915 deatur
303 1879 375 1916 nisi
413 1881 515 1927 quod
552 1880 745 1923 discimus,
770 1884 810 1917 ut
847 1883 932 1926 post

148 1927 308 1964 multum
339 1927 531 1965 silentium
571 1929 617 1965 de
638 1927 831 1973 discipulis
852 1939 930 1964 ma-

175 1973 258 2010 istri
306 1975 537 2019 efficiamur;
579 1977 759 2012 docemus
805 1979 930 2012 autem

177 2021 322 2059 omines
337 2022 375 2058 in
391 2023 572 2067 ecclesiis,
593 2024 693 2070 quod
714 2023 928 2060 nesciinus:

149 2080 281 2106 omnes
298 2070 392 2107 alias
404 2075 505 2107 artes
521 2071 665 2117 absque
680 2071 833 2107 doctore
855 2082 930 2107 non

148 2116 355 2163 discimus;
380 2119 460 2155 sola
481 2119 560 2154 haec
581 2122 658 2154 tarn
681 2118 764 2155 vilis
788 2122 825 2154 et
853 2122 930 2154 tam

149 2164 269 2201 facilis
291 2169 359 2208 est,
380 2170 422 2202 ut
443 2170 676 2213 praeceptore
700 2166 755 2202 vel
775 2166 930 2203 doctore
969 2184 970 2206 t
1683 2207 1690 2214 ,

969 2216 971 2233 ³
1005 2224 1120 2260 opera
1147 2223 1212 2248 eos
1233 2211 1461 2248 transituros
1483 2209 1530 2245 ad
1549 2208 1729 2253 coelestia,
1751 2216 1787 2244 et

148 2223 225 2249 non
241 2217 362 2260 egeat.
386 2227 403 2248 »
422 2214 525 2250 Unde
539 2213 666 2258 etiam,
684 2217 721 2248 ut
733 2215 784 2250 ait
800 2214 930 2258 Greyo-

147 2262 226 2296 rius
249 2274 288 2298 2«
311 2261 523 2297 Notandum
544 2265 613 2305 est,
631 2260 721 2307 quia
738 2265 824 2297 sunt
836 2272 930 2308 quos

149 2319 167 2344 a
189 2308 470 2353 praedicationis
484 2308 608 2345 officio
623 2309 679 2345 vel
693 2308 929 2355 imperfectio

149 2355 206 2391 vel
226 2362 319 2392 aetas
342 2355 530 2402 prohibet,
551 2361 586 2392 et
604 2360 729 2393 tamen
754 2357 928 2403 praecipi-

148 2402 240 2439 tatio
271 2403 455 2449 imp-:llit;
479 2404 542 2450 qui
575 2404 804 2441 admonendi
826 2407 928 2449 sunt,

147 2461 194 2486 ne
217 2451 391 2487 du111>ibi
422 2451 515 2487 tanti
538 2462 632 2487 onus
657 2452 771 2488 oflicii
797 2453 928 2497 praeci-

149 2498 332 2544 pit.1tione
354 2503 546 2545 arrogant,
570 2499 667 2535 viam
696 2499 766 2535 sibi
795 2500 927 2536 subse-

149 2546 300 2592 quentis
341 2546 426 2582 vitae
470 2546 637 2582 melioris
688 2547 924 2584 abscindant.

147 2593 384 2630 Admonendi
413 2597 500 2629 sunt
519 2596 632 2630 etiam
652 2595 752 2640 quod
767 2594 848 2641 ipsa
863 2596 927 2631 Ve-

147 2642 254 2685 ritas,
278 2652 362 2687 qua:
385 2647 538 2686 repente
566 2651 661 2688 quos
680 2643 793 2678 vellet
814 2643 924 2678 robo-

148 2698 234 2724 rare
261 2689 451 2735 potui-set,
473 2694 511 2724 ut
531 2689 741 2735 exemplum
758 2700 928 2736 sequen-

148 2735 249 2772 tibus
270 2737 388 2774 daret,
416 2747 461 2772 ne
486 2736 693 2781 imperfecti
723 2739 928 2783 praedicare

1000 141 1160 174 NOSTR!
1204 139 1308 174 JEStt
1348 138 1543 172 Ctttttsrt.
1737 135 1796 166 249

1010 213 1120 259 pulos
1140 213 1184 249 de
1201 212 1337 249 virtute
1354 208 1634 256 praedicationis
1655 207 1791 244 instru-

1010 260 1074 304 xit,
1099 260 1196 295 illiro
1217 260 1389 307 adjungit
1413 271 1421 294 :
1451 260 1521 295 Vos
1543 261 1663 292 autem
1688 255 1789 291 sede-

1010 312 1044 344 te
1070 310 1106 343 in
1134 311 1295 351 ciuitate,
1318 308 1554 353 quoadusque
1582 304 1792 340 induamini

1010 358 1145 391 virtute
1165 366 1210 390 ex
1232 358 1319 390 alto.
1346 358 1384 391 ln
1410 353 1558 389 civitate
1580 354 1717 398 quippe
1736 361 1793 386 se-

1010 403 1156 445 demus,
1177 403 1205 437 si
1232 403 1331 438 intra
1357 403 1539 437 mentium
1572 404 1787 436 nostrai·u·n

1011 461 1078 486 nos
1112 450 1276 486 claustra
1307 448 1613 495 constringimus,
1652 457 1697 482 ne
1739 446 1788 481 lo-

1011 497 1159 544 quendo
1187 496 1349 533 exterius
1381 507 1598 541 evagemur,
1626 499 1667 530 ut
1702 503 1786 529 cum

1012 545 1146 581 virtute
1184 544 1312 581 divina
1356 545 1520 590 perfecte
1579 541 1788 585 induimur,

1010 596 1098 629 tunc
1137 592 1240 639 quasi
1289 603 1311 628 a
1360 589 1636 635 nobismetipsis
1685 590 1787 625 foras

1010 640 1122 677 etiam
1145 640 1240 676 alios
1270 641 1498 675 instruentes
1529 647 1705 674 exeamus
1732 650 1737 672 z
1769 650 1786 667 »

1012 689 1093 724 liaee
1114 689 1323 732 Greyorius.

1058 740 1078 772 6
1103 737 1318 772 Enucuxrna
1356 745 1528 770 niscirULi
1562 744 1606 768 An
1646 743 1789 767 noxi-icti

1011 785 1174 820 OLivari.
1200 804 1243 809 —
1267 782 1475 820 Comedunt
1499 780 1613 826 igitur
1639 784 1674 815 et
1695 791 1790 823 gsiu-

1010 832 1100 867 dent
1136 830 1323 878 discipuli,
1360 835 1515 876 propter
1547 827 1750 874 praesentia
1768 838 1788 873 n

1011 878 1159 915 Domini
1188 891 1258 922 sui,
1281 878 1345 914 sed
1370 875 1613 912 nihilominus
1635 879 1790 921 propter

1010 927 1216 963 discessum
1238 925 1378 961 turbati
1409 927 1505 960 sunt.
1540 925 1659 959 Tanta
1689 921 1789 958 enim

1010 974 1150 1010 amoris
1174 973 1426 1010 teneritudine
1459 982 1542 1008 eum
1566 970 1788 1014 diligebant,

1011 1021 1245 1068 quodetiam
1289 1022 1401 1057 vei-ba
1439 1017 1680 1055 discessionis
1712 1028 1788 1053 suae

1010 1080 1118 1116 ecquo
1149 1070 1274 1105 animo
1298 1067 1484 1104 sustinere
1505 1077 1578 1102 non
1599 1068 1787 1111 poterant.

1010 1118 1175 1163 Cumque
1197 1116 1462 1159 comedissent,
1485 1114 1615 1149 edaoeit
1636 1124 1693 1148 eos
1715 1123 1791 1148 om-

1010 1175 1092 1208 nes,
1118 1165 1232 1200 verlio
1252 1163 1408 1200 scilicetx
1433 1172 1507 1197 non
1526 1171 1655 1204 manu,
1670 1162 1788 1205 foras,

1009 1211 1047 1248 id
1070 1215 1127 1248 est
1148 1215 1251 1248 extra
1278 1210 1482 1253 civitatem,
1502 1211 1540 1244 in
1559 1209 1790 1253 Bethaniam,

1009 1259 1047 1295 id
1075 1263 1131 1296 est
1152 1270 1282 1296 versus
1307 1257 1543 1296 Bethaniam.
1567 1255 1655 1302 quia
1683 1265 1791 1291 mons

1010 1307 1158 1352 Oliveti,
1181 1308 1228 1343 ad
1247 1317 1357 1353 quem
1377 1305 1559 1342 exierunt,
1591 1306 1648 1340 est
1674 1304 1711 1338 in
1731 1302 1792 1339 via

1009 1366 1138 1391 versus
1167 1353 1416 1395 Bethaniam2
1459 1356 1495 1389 et
1532 1350 1715 1388 Bethania
1750 1350 1790 1386 in

1010 1403 1128 1439 latere
1144 1402 1284 1438 montis
1306 1400 1440 1438 Oliveti
1460 1403 1516 1436 est
1540 1399 1624 1435 sita.
1647 1398 1791 1434 Eduxit

1011 1461 1067 1486 eos
1086 1452 1203 1495 foras,
1226 1455 1264 1486 ut
1280 1449 1452 1485 viderent
1474 1458 1559 1483 eum
1582 1446 1789 1482 ascenden-

1009 1501 1099 1542 tem,
1121 1509 1184 1542 per
1203 1498 1273 1534 hoc
1296 1496 1505 1539 insinuans,
1534 1495 1635 1541 quod
1659 1493 1791 1530 civitas

1008 1546 1243 1582 tumultuosa
1281 1555 1357 1581 non
1394 1549 1452 1580 est
1484 1542 1587 1578 locus
1611 1545 1720 1588 aptus
1742 1541 1789 1577 ad

1009 1593 1224 1629 divinorum
1265 1590 1641 1637 contemplationem.
1684 1590 1789 1625 Prius

1010 1642 1140 1677 eduxit
1161 1651 1217 1677 eos
1249 1642 1354 1684 foras
1377 1643 1484 1675 extra
1520 1637 1724 1680 civitatem,
1750 1640 1789 1673 ut

1008 1689 1241 1734 signiticaret
1264 1698 1339 1723 non
1364 1687 1505 1722 habere
1532 1696 1600 1721 nos
1625 1684 1684 1720 hic
1707 1695 1789 1720 ma-

1007 1741 1158 1773 nentem
1187 1736 1398 1778 civitatem;
1428 1733 1564 1769 deinde
1594 1735 1632 1768 in
1660 1735 1788 1768 Betha-

1005 1786 1121 1827 niam,
1144 1794 1226 1830 quae
1262 1785 1531 1828 interpretatur
1552 1781 1679 1815 domus
1707 1781 1789 1815 obe-

1006 1832 1153 1868 dientiae
1175 1847 1183 1868 :
1206 1834 1244 1867 ut
1264 1842 1324 1876 qui
1343 1841 1385 1865 ex
1398 1827 1612 1865 obedientia
1630 1828 1787 1863 descen-

1006 1879 1072 1924 dit,
1097 1882 1134 1915 et
1149 1878 1371 1915 humiliatus
1391 1883 1447 1913 est
1476 1886 1592 1921 usque
1610 1875 1659 1911 ad
1683 1886 1790 1911 mor-

1004 1931 1096 1971 tem,
1111 1929 1334 1963 ostendatur
1353 1936 1395 1961 ex
1413 1924 1545 1960 merito
1562 1922 1788 1959 obedientiae

1005 1975 1233 2017 ascendisse,
1254 1977 1289 2009 et
1309 1971 1463 2009 exaltari
1481 1971 1518 2007 in
1537 1973 1687 2014 coelum,
1703 1971 1787 2017 jux-

1005 2027 1044 2058 ta
1063 2022 1155 2058 illud
1178 2021 1349 2069 Apostoli
1376 2033 1383 2056 :
1410 2021 1634 2055 Humiliavit
1658 2022 1788 2054 semet-

1004 2072 1140 2116 ipsum,
1160 2071 1284 2114 factus
1309 2069 1477 2105 obediens
1498 2077 1613 2112 usque
1629 2067 1679 2101 ad
1697 2077 1788 2101 mor-

1005 2122 1138 2162 tem...,
1158 2121 1308 2164 propter
1326 2116 1424 2162 quod
1442 2119 1475 2150 et
1492 2117 1586 2150 Deus
1606 2115 1788 2149 emanavit

1004 2167 1132 2211 illum3
1154 2169 1192 2202 et
1223 2168 1262 2201 ut
1290 2163 1414 2211 signet
1456 2172 1524 2209 per
1559 2160 1786 2197 obedientiae

1004 2262 1103 2307 quod
1126 2271 1201 2296 non
1222 2263 1278 2296 est
1300 2268 1476 2295 ascensus
1495 2257 1531 2292 in
1553 2255 1703 2308 coelum,
1729 2255 1786 2291 ni-

1004 2309 1034 2345 si
1057 2319 1124 2355 per
1145 2307 1370 2344 obedientiae
1393 2304 1590 2348 meritum3
1614 2307 1710 2339 stcut
1729 2314 1784 2340 er-

1003 2367 1049 2402 go
1072 2353 1331 2391 inolirdientia
1354 2352 1545 2389 liomin··m
1563 2353 1608 2387 de
1630 2350 1785 2397 paradi-

1003 2415 1044 2440 so
1072 2403 1195 2449 ejecit,
1224 2402 1276 2438 sic
1312 2399 1530 2437 obedientia
1560 2398 1780 2434 introducit.

1004 2452 1113 2495 Item,
1136 2449 1344 2486 secundum
1365 2448 1514 2491 Bedam,
1537 2445 1721 2482 Dominus
1741 2457 1784 2481 e-

1003 2500 1113 2535 (luoeit
1130 2508 1188 2533 eos
1208 2499 1245 2532 in
1260 2497 1490 2536 Bethaniam,
1504 2497 1656 2540 propter
1671 2497 1784 2530 situm

1003 2547 1171 2593 ejusdem
1196 2545 1306 2587 vilice,
1333 2554 1416 2590 quae
1445 2544 1481 2578 in
1503 2543 1619 2578 latere
1643 2541 1780 2577 montis

1005 2595 1195 2631 Olivarum
1231 2591 1350 2638 posita
1384 2594 1453 2634 est,
1487 2589 1575 2636 quia
1612 2589 1785 2624 videlicet

968 2647 969 2650 ’
1003 2640 1215 2678 obedientis
1239 2638 1416 2675 Ecclesiae
1438 2638 1587 2676 domus,
1611 2638 1648 2671 in
1671 2636 1786 2681 ipsius

968 2682 970 2718 ἶ
1004 2687 1139 2724 summi
1164 2687 1314 2731 montis,
1346 2686 1384 2722 id
1415 2691 1472 2722 est
1495 2684 1628 2722 Cliristi
1651 2683 1783 2727 latere,

968 2748 970 2759 ¹
1006 2736 1106 2780 tidci,
1129 2735 1221 2780 spei,
1243 2733 1544 2779 dilectionisque,
1568 2741 1635 2767 sua
1655 2730 1784 2766 sunda-

147 2788 435 2830 praesumerent,
462 2789 662 2830 postquam
686 2786 794 2831 plene
817 2785 927 2821 disi-i·
970 2820 971 2825 ,

1007 2790 1130 2820 menta
1156 2784 1304 2820 locavit.
1324 2783 1525 2828 Postquam
1549 2790 1639 2825 ergo
1657 2789 1720 2813 cns
1735 2780 1784 2813 t'o—
