1924 3157
311 154 360 187 DE
404 151 623 186 SECUNDlS
663 148 895 185 VESPERIS=
936 148 977 182 IN
1017 150 1227 188 PASSIONE
1267 154 1435 191 DOMINI.

58 222 228 269 scientia,
241 221 300 259 cui
314 233 389 259 non
399 221 529 259 deficit
543 219 734 258 defunctio
749 229 838 266 pau-

58 271 229 318 pertatiS,
260 274 394 307 contra
427 269 627 313 inundum;
653 265 838 319 munditia

58 318 255 362 castitatis,
274 322 406 354 contra
432 327 604 360 cai-nem3
631 317 838 363 fragrantia

59 366 252 408 virtutum,
276 371 406 401 contra
428 365 633 401 diabolum.

103 416 124 449 3
147 414 322 450 CuiusTus
344 425 387 448 AB
416 425 468 448 nis
489 424 530 447 na
556 423 665 448 cauci-2
693 422 838 447 Darom-

57 472 138 498 Tun.
155 481 199 488 -
215 462 307 497 Cum
328 464 453 496 autem
470 460 610 505 Josepli
629 464 665 495 et
686 459 838 494 Nicode-

58 519 140 545 mus
174 509 321 545 suerunt
354 518 469 554 prope
501 505 750 543 erucitixionis
780 506 838 541 lo-

56 567 155 600 cuni,
192 567 317 603 genua
357 557 549 591 flectentes·
583 553 840 589 adoiaverunt

57 603 269 640 Dominum.
293 604 392 646 Quos
410 602 500 638 dum
517 600 607 637 vidit
622 605 757 641 mater,
777 611 839 636 vo-

58 651 177 687 lentes
197 651 385 697 deponere
406 659 541 695 corpus
563 648 642 731 ‹qu-s
663 647 769 694 quasi
792 647 838 684 de

55 702 176 734 morte
211 707 442 744 consurgens
471 696 583 742 paulu
605 705 666 731 um
705 694 839 731 revixit

55 745 210 792 spiritus
231 745 358 791 ipsius.
378 745 420 780 Et
440 743 674 789 applicantes
696 741 837 788 recepti

54 792 208 829 suerunt
227 803 294 839 per
314 801 398 828 eam
426 794 655 835 reverenter,
677 794 715 827 et
736 800 840 837 para-

54 844 187 877 verunt
207 851 246 876 se
271 840 318 876 ad
340 838 606 885 deponendum
629 848 730 881 eum,
753 837 836 884 qui-

55 887 124 924 bus
140 887 219 932 ipsa
241 889 338 934 quoil
361 890 511 934 poterat
524 885 764 922 ministrabat
775 885 839 921 ad-

50 935 247 981 jutorium.
278 937 378 971 Unus
420 934 546 970 clavos
586 933 632 970 de
664 933 839 970 manibus

55 984 242 1026 trahebat,
256 983 354 1019 alius
371 992 417 1018 ne
429 992 565 1027 corpus
583 982 736 1017 caderet
756 991 838 1032 exa-

54 1029 156 1066 nime
175 1030 400 1066 sustinebat.
419 1030 551 1065 Stabat
572 1028 689 1065 Maria
710 1029 838 1065 levans

55 1077 212 1114 brachia
238 1077 274 1113 in
303 1077 446 1120 altum;
484 1080 519 1112 et
557 1077 646 1112 dum
681 1079 837 1123 tangere

51 1135 137 1162 eum
159 1124 287 1169 valuit,
313 1127 424 1170 caput
452 1127 489 1159 et
513 1133 646 1160 manus
673 1124 750 1170 eju«
772 1124 835 1159 de-

52 1172 256 1219 pendentia
270 1172 442 1208 trahebat
457 1182 571 1217 supra
584 1170 690 1206 triste
711 1174 837 1217 pectus

52 1230 176 1263 suum,
195 1224 232 1256 et
249 1230 362 1256 ruens
378 1219 415 1254 in
434 1219 626 1265 amplexus
642 1221 676 1254 et
693 1218 836 1264 oscula,

51 1268 98 1304 de
131 1267 274 1304 Dilecto
305 1278 370 1303 suo
409 1268 537 1303 satiari
571 1277 646 1302 non
675 1270 835 1311 poterat,

53 1326 123 1352 nec
143 1315 227 1362 quis
244 1315 364 1361 ipsam
385 1314 546 1360 desuper
563 1314 836 1360 corpusdotra-

51 1363 142 1400 here
166 1363 327 1399 valebat.
354 1363 520 1408 Corpore
541 1360 656 1404 igitur
686 1361 835 1398 Domini

52 1409 92 1447 in
119 1414 260 1447 terrain
282 1411 468 1456 deposito,
492 1408 652 1446 Domina
671 1409 836 1452 suscepit

52 1462 165 1505 caput
192 1468 276 1494 cum
308 1457 471 1503 scapulis
495 1456 572 1493 suis
606 1456 641 1492 in
674 1457 832 1503 gremio.

50 1505 276 1551 magdalena
309 1515 397 1541 vero
435 1504 561 1550 pedes,
605 1505 706 1550 apud
741 1515 835 1551 quos

51 1553 141 1590 olim
162 1556 308 1590 tantam
335 1552 496 1598 gratiam
532 1555 738 1588 meruerat.
764 1552 835 1588 Alii

49 1605 176 1638 autem
211 1602 471 1643 circumstant,
507 1603 544 1636 et
564 1610 694 1636 ‹unnrs
719 1600 835 1647 plan-

52 1653 154 1685 ctum
187 1659 366 1695 magnum
394 1658 507 1694 super
540 1657 625 1683 eum
660 1648 833 1691 iaciunt;

54 1707 187 1733 omnes
208 1706 307 1732 enim
327 1695 563 1732 amarissime
584 1695 770 1741 plangunt
792 1694 835 1730 il-

56 1744 148 1788 lum,
172 1743 279 1790 quasi
302 1742 550 1789 unigenitum.
575 1743 680 1779 Unde
700 1743 833 1779 Auset-

52 1802 131 1828 mus
156 1804 166 1827 :
196 1805 215 1825 «
243 1791 315 1828 Sed
342 1791 464 1827 adhuc
497 1794 686 1836 exspecta,
715 1790 835 1827 donec

52 1838 188 1876 nobilis
209 1838 271 1875 ille
287 1838 444 1875 Decurio
466 1838 634 1882 veniens,
658 1837 834 1874 extractis

51 1886 166 1923 clavis
187 1914 196 1931 ,
235 1896 370 1922 manus
407 1886 598 1932 pedesque
636 1884 831 1922 dissolvat.

50 1933 141 1971 Vide
173 1934 362 1980 quomodo
401 1932 627 1970 felicissimis
669 1932 835 1970 brachiis

51 1981 306 2028 amplectitur,
329 1991 373 2018 ac
388 1991 455 2017 suo
481 1979 657 2025 astringit
676 1981 833 2026 pectori.

53 2031 157 2066 Tunc
178 2029 302 2076 potuit
325 2030 382 2064 vir
404 2028 468 2064 ille
496 2028 755 2064 sanctissimus
778 2028 834 2064 di-

53 2087 139 2114 cere
179 2088 187 2113 :
225 2077 435 2113 Fasciculus
460 2077 617 2121 myrrhae
634 2107 642 2119 ,
680 2076 836 2112 dilectus

55 2135 152 2161 meus
168 2125 273 2166 mihi,
301 2126 397 2160 inter
417 2124 527 2159 ubera
544 2134 623 2159 mea
637 2134 835 2160 commoru-

57 2173 166 2209 bitur.
183 2173 303 2210 Cerne
315 2176 510 2217 praeterea,
526 2182 639 2217 quam
659 2170 833 2216 dulciter,

55 2230 167 2267 quam
188 2219 390 2266 diligenter
408 2218 653 2257 beatissimus
669 2219 837 2255 Nicode-

56 2278 152 2311 mus,
175 2267 430 2303 sacratissima
451 2267 620 2303 membra
642 2267 724 2313 ejus
750 2270 835 2303 tra-

54 2319 129 2352 ctat
150 2314 289 2361 digitis,
313 2317 409 2350 fovet
435 2314 636 2361 unguentis
667 2327 675 2350 :
715 2330 732 2346 »
756 2316 836 2351 tneo

53 2364 262 2399 Anselmus.
292 2359 429 2398 Venias
462 2366 499 2398 et
535 2366 589 2406 tu,
626 2362 835 2407 carissime,

53 2410 200 2447 devotis
218 2409 426 2458 gressibus,
439 2413 477 2445 et
491 2409 753 2456 spiritualibus
775 2421 836 2446 ac-

54 2457 235 2501 cessibus,
255 2458 303 2493 ad
333 2457 596 2504 deponendum
635 2457 836 2494 Dominum

52 2506 171 2542 Deum
192 2509 298 2541 tuum
315 2505 360 2541 do
381 2515 503 2549 cruce,
530 2509 566 2541 et
585 2505 633 2541 ad
651 2506 837 2552 plangen-

54 2553 142 2590 dum
165 2563 249 2589 eum
278 2563 361 2588 cum
384 2563 451 2588 sua
483 2553 683 2590 benedicta
704 2555 838 2598 Matre,

53 2603 91 2637 et
110 2599 196 2637 aliis
219 2599 281 2647 qui
315 2599 365 2636 ilii
389 2600 562 2644 aderant,
591 2607 628 2637 ot
652 2601 700 2638 ad
729 2612 839 2648 sepe-

55 2647 238 2692 liendum,
260 2651 295 2684 et
315 2647 390 2684 alia
422 2648 634 2685 faciendum
663 2659 747 2696 quae
770 2649 840 2695 ipsi

52 2694 254 2732 faciebant.
279 2695 383 2732 Unde
412 2697 632 2732 Ambrosius
661 2709 671 2732 :
702 2709 720 2731 «
745 2696 842 2734 Veni

55 2745 93 2780 et
111 2746 152 2780 tu
170 2743 228 2780 vel
251 2753 352 2785 sero,
371 2743 429 2780 vel
451 2747 573 2788 nocte,
591 2744 647 2779 vel
664 2754 845 2790 quacum-

56 2799 130 2837 que
146 2790 266 2834 hora3
289 2801 528 2837 quacumque
544 2790 645 2827 enim
671 2792 765 2828 hora
784 2803 845 2829 ve-

1641 158 1697 194 143

912 220 1025 265 neris,
1047 222 1172 259 Jesum
1205 223 1374 262 invenies
1405 226 1451 263 ad
1487 225 1699 275 suscipien-

911 268 1000 321 dum
1035 274 1219 322 paratum,
1250 283 1316 308 ner
1356 275 1541 312 minorem
1577 276 1699 314 serius

911 317 1149 352 venientibus
1178 320 1390 358 niem-edem
1429 322 1489 367 pia
1523 324 1699 372 largitate

911 362 1132 399 solventem.
1154 366 1245 401 Nain
1269 372 1305 402 et
1324 370 1386 414 qui
1412 371 1504 406 liora
1523 375 1624 408 sexta
1637 382 1695 408 ve-

912 410 980 453 nit,
1001 421 1074 446 non
1093 417 1150 448 est
1164 415 1336 450 mercede
1352 416 1559 462 fraudatus,
1576 422 1613 455 et
1631 418 1696 465 qui

912 458 1126 502 undecima,
1146 460 1417 505 plenitudinem
1438 466 1619 502 mercedis
1636 477 1699 503 ac-

913 505 1011 552 ropit
1032 517 1039 541 :
1068 519 1086 540 »
1112 507 1192 543 haec
1213 508 1441 546 Ambrosius.
1468 515 1561 548 Deus
1582 525 1696 559 meus,

915 553 1001 588 bone
1033 555 1132 597 Jesu,
1163 556 1311 591 concede
1344 560 1436 593 mihi
1474 571 1699 606 quamquam

912 611 1125 646 peromnem
1140 602 1285 638 modurn
1295 605 1472 642 immerito
1482 612 1516 642 et
1531 610 1697 653 indiglno,

914 651 953 684 ut
973 650 1038 693 qui
1057 649 1114 684 his
1135 661 1214 685 cum
1236 651 1354 686 Matre
1375 655 1438 688 tud
1457 658 1490 689 et
1505 656 1607 699 aliis,
1631 657 1698 701 qui

914 700 998 731 tunc
1021 696 1190 741 (inierant,
1212 709 1360 744 corpore
1391 701 1575 742 in'eresse,
1599 707 1631 738 et
1657 714 1699 739 ea

913 743 1033 786 facere
1047 755 1118 780 non
1139 748 1268 789 merui,
1289 747 1392 791 fideli
1410 751 1530 784 tamen
1557 751 1629 786 haec
1642 761 1699 786 ea-

915 791 995 826 dem
1022 796 1137 828 mente
1167 797 1411 839 pertractans,
1435 797 1542 832 illum
1575 798 1624 832 ad
1652 801 1698 843 te,

915 841 1026 875 Deum
1040 850 1157 876 meum
1178 852 1243 885 pro
1262 852 1316 877 me
1330 845 1545 888 erucifiaeum
1560 848 1593 880 et
1608 856 1700 881 mor-

916 890 1031 927 tuum,
1048 890 1310 934 compassionis
1325 891 1495 935 affectum
1510 895 1696 939 experiar,

916 945 1020 978 quem
1044 936 1214 971 innocens
1233 941 1348 973 macer
1369 941 1445 982 tua,
1469 943 1502 975 et
1522 942 1700 986 poenitens

916 982 1138 1026 Muydulena
1157 986 1195 1019 in
1214 986 1296 1030 ipsa
1317 987 1505 1023 Passionis
1524 991 1594 1023 tuae
1610 989 1702 1026 hora

915 1033 1115 1066 senserunt.
1141 1032 1185 1066 Et
1206 1032 1416 1078 sciendum,
1450 1035 1550 1080 quod
1571 1046 1701 1082 quam-

917 1077 970 1112 vis
998 1077 1070 1113 ista
1095 1078 1282 1124 depositio
1318 1081 1467 1117 Domini
1495 1082 1540 1118 de
1574 1093 1702 1128 cruce,

916 1135 991 1160 non
1010 1125 1122 1161 suerit
1136 1125 1206 1162 sibi
1230 1127 1266 1161 in
1282 1137 1448 1173 poenam,
1461 1129 1549 1174 quia
1567 1140 1705 1177 corpus

916 1175 996 1208 erat
1016 1171 1204 1218 exanime,
1225 1184 1293 1210 nec
1314 1175 1421 1211 fieret
1449 1176 1481 1212 ei
1505 1177 1543 1213 in
1566 1181 1702 1214 contu-

917 1220 1081 1263 meliam,
1098 1221 1164 1256 sed
1188 1220 1310 1267 potius
1335 1224 1370 1259 in
1390 1223 1575 1261 honorem
1588 1228 1626 1261 et
1645 1236 1704 1262 re-

918 1269 1138 1312 verentiam,
1161 1269 1372 1315 praesertim
1394 1281 1478 1307 cum
1497 1283 1572 1308 non
1592 1272 1703 1310 fieret

915 1326 936 1350 a
959 1315 1101 1368 Judaeis
1123 1316 1381 1361 summatibus,
1408 1319 1474 1355 sed
1510 1330 1533 1356 a
1555 1320 1702 1358 devotis

917 1363 1093 1416 fidelibus
1124 1375 1209 1400 eum
1248 1366 1410 1402 multum
1438 1367 1698 1414 diligentibus,

915 1411 990 1447 imo
1011 1414 1126 1447 etiam
1144 1412 1288 1450 Judaeis
1309 1416 1346 1449 et
1378 1414 1447 1449 hoc
1466 1414 1700 1461 dolentibus,

915 1458 1015 1504 quod
1037 1469 1120 1494 cum
1141 1462 1249 1497 tanta
1269 1461 1507 1498 solemnitate
1531 1464 1697 1509 depone-

916 1506 1040 1550 batur,
1061 1506 1326 1552 condiebatur,
1348 1512 1384 1545 et
1422 1509 1699 1556 sepeliebatur;

914 1553 1014 1590 istud
1046 1557 1174 1590 tamen
1213 1556 1351 1592 factum
1380 1556 1641 1603 depositionis,
1665 1558 1703 1595 in

914 1612 954 1637 se
986 1600 1095 1637 valde
1128 1602 1345 1639 miserabile
1367 1603 1437 1639 fuit
1458 1608 1493 1640 ct
1514 1605 1699 1643 lamenta-

915 1649 1001 1691 bile,
1021 1648 1123 1692 quod
1148 1649 1322 1686 videlicet
1344 1661 1479 1698 corpus
1495 1656 1608 1689 tantae
1628 1665 1695 1690 no-

913 1695 1085 1740 bilitatis,
1106 1698 1342 1734 tractabatur
1368 1702 1560 1746 tamquam
1585 1701 1694 1737 cadi-

913 1754 979 1780 ver
998 1743 1083 1787 vile,
1104 1744 1190 1781 iicet
1211 1746 1247 1780 in
1265 1747 1424 1782 veritate
1444 1747 1605 1784 cadaver
1622 1760 1697 1785 non

913 1790 1038 1836 fuerit,
1061 1795 1216 1838 propter
1242 1792 1411 1829 divinum
1445 1795 1696 1841 suppositum,

913 1838 952 1874 in
967 1850 1040 1884 quo
1057 1850 1193 1885 corpus
1211 1840 1304 1876 illud
1320 1840 1607 1886 imputribiliter
1617 1845 1699 1880 sub-

913 1886 1082 1923 sistebat.
1107 1888 1196 1924 Etsi
1221 1898 1357 1934 corpus
1375 1889 1466 1925 illu-l
1484 1901 1559 1926 non
1582 1891 1699 1928 sensit

915 1944 1076 1980 poenam,
1101 1936 1217 1972 Beata
1235 1939 1364 1972 tamen
1391 1936 1516 1983 Virgo,
1540 1949 1626 1985 quae
1646 1938 1697 1975 ibi

913 1982 1058 2036 aderat,
1091 1993 1239 2028 poenam
1265 1983 1305 2020 in
1341 1984 1412 2020 hoc
1447 1985 1545 2021 sacto
1582 1986 1699 2023 sensit

914 2040 1132 2066 maximam.

961 2081 981 2121 4
1003 2078 1221 2114 DocUMENTA
1235 2089 1306 2115 nuo
1321 2091 1341 2115 F:
1362 2091 1598 2117 DEPOSITIONE
1619 2093 1702 2119 con-

915 2136 1017 2161 roms
1044 2125 1206 2170 CnmsTi,
1243 2138 1352 2164 aeros
1388 2139 1700 2166 CONFORMATIONIS

915 2185 958 2209 ET
978 2184 1123 2210 oaArio.
1149 2194 1190 2201 —
1213 2174 1263 2210 Ex
1280 2175 1351 2210 hoc
1369 2175 1529 2212 articulo
1547 2177 1698 2222 deposi-

915 2220 1027 2257 tionis
1049 2220 1197 2257 Domini
1219 2221 1266 2258 de
1282 2232 1406 2267 cruce,
1423 2224 1612 2261 habentur
1626 2225 1699 2261 duo

914 2268 1153 2304 documenta.
1180 2268 1346 2306 Primum
1382 2274 1451 2307 ost.
1477 2271 1579 2316 quod
1602 2272 1698 2308 fide-

916 2318 968 2352 les
986 2315 1310 2353 communicantes
1329 2318 1472 2361 Corpus
1491 2319 1635 2355 Domini
1653 2319 1701 2357 de

914 2365 1040 2406 atari,
1069 2364 1354 2410 sequimi-antur
1390 2365 1463 2402 illis
1488 2366 1550 2413 qui
1578 2367 1700 2414 ipsum

914 2411 1172 2456 deposuerunt
1199 2411 1245 2448 de
1267 2423 1389 2450 cruce.
1416 2414 1576 2451 Perinde
1597 2414 1699 2452 enirn

914 2462 984 2503 est,
1006 2458 1081 2495 imo
1109 2459 1192 2505 plus
1213 2459 1347 2496 Christi
1384 2461 1528 2508 Corpus
1549 2473 1698 2499 sumere

915 2507 960 2542 de
982 2517 1049 2543 ara
1068 2506 1212 2548 altaris,
1244 2518 1357 2554 quam
1385 2509 1431 2545 de
1466 2519 1533 2546 ara
1563 2511 1698 2546 crucis.

916 2554 970 2590 Illi
999 2554 1099 2590 enim
1122 2560 1348 2602 acceperunt
1371 2567 1457 2593 eum
1479 2556 1517 2593 in
1538 2557 1703 2594 brachiis

916 2608 953 2638 et
971 2601 1167 2653 manibus;
1190 2605 1256 2639 seit
1274 2603 1334 2640 isti
1355 2609 1508 2640 sumunt
1526 2604 1561 2641 in
1581 2616 1646 2641 ore
1669 2609 1704 2642 et

916 2650 1108 2686 cordibus,
1138 2671 1170 2676 -
1196 2651 1413 2688 Secundum
1434 2652 1702 2690 documentum

917 2701 988 2740 est,
1015 2697 1116 2743 quod
1150 2701 1186 2734 et
1220 2709 1290 2736 nos
1326 2699 1490 2737 libenter
1521 2701 1704 2737 debemus

919 2744 1110 2781 Christum
1132 2755 1217 2782 cum
1247 2748 1388 2794 Joseph
1423 2747 1470 2785 de
1500 2758 1612 2785 cruce
1640 2748 1705 2784 de-

919 2802 1077 2839 ponere.
1111 2793 1299 2837 Quamdiu
1333 2795 1433 2831 enim
1461 2799 1636 2841 peccator
1670 2795 1706 2830 in
