<?xml version="1.0" encoding="UTF-8"?>
<!DOCTYPE html PUBLIC "-//W3C//DTD XHTML 1.0 Transitional//EN"
    "http://www.w3.org/TR/xhtml1/DTD/xhtml1-transitional.dtd">
<html xmlns="http://www.w3.org/1999/xhtml" xml:lang="en" lang="en">
 <head>
  <title>
</title>
<meta http-equiv="Content-Type" content="text/html;charset=utf-8" />
  <meta name='ocr-system' content='tesseract 3.04.00' />
  <meta name='ocr-capabilities' content='ocr_page ocr_carea ocr_par ocr_line ocrx_word'/>
</head>
<body>
  <div class='ocr_page' id='page_1' title='image "./vitajesuchristie04ludouoft/vitajesuchristie04ludouoft_0046.png"; bbox 0 0 1924 3157; ppageno 0'>
   <div class='ocr_carea' id='block_1_1' title="bbox 173 181 1323 221">
    <p class='ocr_par' dir='ltr' id='par_1_1' title="bbox 173 181 1323 221">
     <span class='ocr_line' id='line_1_1' title="bbox 173 181 1323 221; baseline -0.006 0"><span class='ocrx_word' id='word_1_1' title='bbox 173 185 213 221; x_wconf 76' lang='lat'>³8</span> <span class='ocrx_word' id='word_1_2' title='bbox 662 182 868 219; x_wconf 58' lang='lat' dir='ltr'>SECUNDA}</span> <span class='ocrx_word' id='word_1_3' title='bbox 906 183 1060 217; x_wconf 79' lang='lat' dir='ltr'>PARTIS</span> <span class='ocrx_word' id='word_1_4' title='bbox 1098 182 1231 215; x_wconf 71' lang='lat' dir='ltr'><strong>CAPUT</strong></span> <span class='ocrx_word' id='word_1_5' title='bbox 1269 181 1323 215; x_wconf 77' lang='lat' dir='ltr'>LX</span> 
     </span>
    </p>
   </div>
   <div class='ocr_carea' id='block_1_2' title="bbox 169 252 962 2849">
    <p class='ocr_par' dir='ltr' id='par_1_2' title="bbox 169 252 962 2849">
     <span class='ocr_line' id='line_1_2' title="bbox 175 252 949 299; baseline -0.005 -6"><span class='ocrx_word' id='word_1_6' title='bbox 175 255 256 294; x_wconf 85' lang='lat' dir='ltr'>sine</span> <span class='ocrx_word' id='word_1_7' title='bbox 286 255 445 292; x_wconf 88' lang='lat' dir='ltr'>materia</span> <span class='ocrx_word' id='word_1_8' title='bbox 477 252 617 291; x_wconf 80' lang='lat' dir='ltr'>deficit.</span> <span class='ocrx_word' id='word_1_9' title='bbox 654 254 723 290; x_wconf 84' lang='lat' dir='ltr'>Ubi</span> <span class='ocrx_word' id='word_1_10' title='bbox 747 252 949 299; x_wconf 71' lang='lat' dir='ltr'>Oriqenes:</span> 
     </span>
     <span class='ocr_line' id='line_1_3' title="bbox 173 299 946 340; baseline -0.003 -2"><span class='ocrx_word' id='word_1_11' title='bbox 173 319 192 338; x_wconf 87' lang='lat'>«</span> <span class='ocrx_word' id='word_1_12' title='bbox 217 303 323 340; x_wconf 82' lang='lat' dir='ltr'>Falsa</span> <span class='ocrx_word' id='word_1_13' title='bbox 339 302 440 340; x_wconf 84' lang='lat' dir='ltr'>enim</span> <span class='ocrx_word' id='word_1_14' title='bbox 463 299 682 338; x_wconf 86' lang='lat' dir='ltr'>testimonia</span> <span class='ocrx_word' id='word_1_15' title='bbox 713 303 803 337; x_wconf 87' lang='lat' dir='ltr'>tune</span> <span class='ocrx_word' id='word_1_16' title='bbox 825 301 946 337; x_wconf 89' lang='lat' dir='ltr'>locum</span> 
     </span>
     <span class='ocr_line' id='line_1_4' title="bbox 171 347 946 396; baseline -0.006 -8"><span class='ocrx_word' id='word_1_17' title='bbox 171 351 326 388; x_wconf 87' lang='lat' dir='ltr'>habent.</span> <span class='ocrx_word' id='word_1_18' title='bbox 357 351 507 396; x_wconf 75' lang='lat' dir='ltr'>qnando</span> <span class='ocrx_word' id='word_1_19' title='bbox 537 359 621 385; x_wconf 88' lang='lat' dir='ltr'>cum</span> <span class='ocrx_word' id='word_1_20' title='bbox 656 347 781 384; x_wconf 89' lang='lat' dir='ltr'>colore</span> <span class='ocrx_word' id='word_1_21' title='bbox 820 347 946 394; x_wconf 84' lang='lat' dir='ltr'>aliquo</span> 
     </span>
     <span class='ocr_line' id='line_1_5' title="bbox 169 394 946 445; baseline -0.003 -12"><span class='ocrx_word' id='word_1_22' title='bbox 169 398 414 445; x_wconf 78' lang='lat' dir='ltr'>proferuntur</span> <span class='ocrx_word' id='word_1_23' title='bbox 436 408 444 440; x_wconf 88' lang='lat'><em>;</em></span> <span class='ocrx_word' id='word_1_24' title='bbox 474 396 539 432; x_wconf 88' lang='lat' dir='ltr'>sed</span> <span class='ocrx_word' id='word_1_25' title='bbox 563 405 685 442; x_wconf 86' lang='lat' dir='ltr'>neque</span> <span class='ocrx_word' id='word_1_26' title='bbox 712 395 814 431; x_wconf 88' lang='lat' dir='ltr'>color</span> <span class='ocrx_word' id='word_1_27' title='bbox 840 394 946 431; x_wconf 90' lang='lat' dir='ltr'>inve-</span> 
     </span>
     <span class='ocr_line' id='line_1_6' title="bbox 170 443 946 489; baseline -0.005 -7"><span class='ocrx_word' id='word_1_28' title='bbox 170 444 362 488; x_wconf 82' lang='lat' dir='ltr'>niebatur,</span> <span class='ocrx_word' id='word_1_29' title='bbox 385 443 449 489; x_wconf 82' lang='lat' dir='ltr'>qui</span> <span class='ocrx_word' id='word_1_30' title='bbox 487 446 611 487; x_wconf 80' lang='lat' dir='ltr'>posset</span> <span class='ocrx_word' id='word_1_31' title='bbox 650 446 780 479; x_wconf 87' lang='lat' dir='ltr'>contra</span> <span class='ocrx_word' id='word_1_32' title='bbox 816 444 946 480; x_wconf 87' lang='lat' dir='ltr'>Jesum</span> 
     </span>
     <span class='ocr_line' id='line_1_7' title="bbox 171 489 947 538; baseline -0.005 -9"><span class='ocrx_word' id='word_1_33' title='bbox 171 492 351 538; x_wconf 77' lang='lat' dir='ltr'>adjuvare</span> <span class='ocrx_word' id='word_1_34' title='bbox 373 490 587 533; x_wconf 89' lang='lat' dir='ltr'>mendacia,</span> <span class='ocrx_word' id='word_1_35' title='bbox 613 489 712 536; x_wconf 83' lang='lat' dir='ltr'>quod</span> <span class='ocrx_word' id='word_1_36' title='bbox 746 489 947 525; x_wconf 83' lang='lat' dir='ltr'>maximam</span> 
     </span>
     <span class='ocr_line' id='line_1_8' title="bbox 170 535 948 583; baseline -0.005 -7"><span class='ocrx_word' id='word_1_37' title='bbox 170 538 320 576; x_wconf 89' lang='lat' dir='ltr'>laudem</span> <span class='ocrx_word' id='word_1_38' title='bbox 346 538 496 574; x_wconf 83' lang='lat' dir='ltr'>exhibet</span> <span class='ocrx_word' id='word_1_39' title='bbox 531 538 635 580; x_wconf 82' lang='lat' dir='ltr'>Jesu‚</span> <span class='ocrx_word' id='word_1_40' title='bbox 665 536 727 583; x_wconf 84' lang='lat' dir='ltr'>qui</span> <span class='ocrx_word' id='word_1_41' title='bbox 753 538 804 573; x_wconf 84' lang='lat' dir='ltr'>sic</span> <span class='ocrx_word' id='word_1_42' title='bbox 822 535 948 573; x_wconf 85' lang='lat' dir='ltr'>omnia</span> 
     </span>
     <span class='ocr_line' id='line_1_9' title="bbox 172 583 949 632; baseline -0.005 -10"><span class='ocrx_word' id='word_1_43' title='bbox 172 583 558 632; x_wconf 80' lang='lat' dir='ltr'>irreprehensibiliter</span> <span class='ocrx_word' id='word_1_44' title='bbox 589 583 680 620; x_wconf 83' lang='lat' dir='ltr'><strong>dixit</strong></span> <span class='ocrx_word' id='word_1_45' title='bbox 712 587 749 620; x_wconf 91' lang='lat' dir='ltr'>et</span> <span class='ocrx_word' id='word_1_46' title='bbox 780 584 878 627; x_wconf 79' lang='lat' dir='ltr'>fecit,</span> <span class='ocrx_word' id='word_1_47' title='bbox 907 586 949 619; x_wconf 92' lang='lat' dir='ltr'>ut</span> 
     </span>
     <span class='ocr_line' id='line_1_10' title="bbox 176 630 950 669; baseline -0.005 0"><span class='ocrx_word' id='word_1_48' title='bbox 176 632 320 669; x_wconf 86' lang='lat' dir='ltr'>nullam</span> <span class='ocrx_word' id='word_1_49' title='bbox 346 633 421 668; x_wconf 88' lang='lat' dir='ltr'>veri</span> <span class='ocrx_word' id='word_1_50' title='bbox 438 630 950 668; x_wconf 84' lang='lat' dir='ltr'>similitudineminvenirent</span> 
     </span>
     <span class='ocr_line' id='line_1_11' title="bbox 178 676 948 726; baseline -0.005 -10"><span class='ocrx_word' id='word_1_51' title='bbox 178 680 218 716; x_wconf 89' lang='lat' dir='ltr'>in</span> <span class='ocrx_word' id='word_1_52' title='bbox 245 690 289 716; x_wconf 91' lang='lat' dir='ltr'>eo</span> <span class='ocrx_word' id='word_1_53' title='bbox 325 678 628 726; x_wconf 77' lang='lat' dir='ltr'>reprehensionis</span> <span class='ocrx_word' id='word_1_54' title='bbox 666 677 754 713; x_wconf 88' lang='lat' dir='ltr'>mali</span> <span class='ocrx_word' id='word_1_55' title='bbox 781 681 818 713; x_wconf 87' lang='lat' dir='ltr'>et</span> <span class='ocrx_word' id='word_1_56' title='bbox 843 676 948 713; x_wconf 89' lang='lat' dir='ltr'>multi</span> 
     </span>
     <span class='ocr_line' id='line_1_12' title="bbox 180 725 950 770; baseline -0.005 -7"><span class='ocrx_word' id='word_1_57' title='bbox 180 727 294 764; x_wconf 88' lang='lat' dir='ltr'>astuti</span> <span class='ocrx_word' id='word_1_58' title='bbox 312 738 320 763; x_wconf 89' lang='lat'>:</span> <span class='ocrx_word' id='word_1_59' title='bbox 348 740 367 760; x_wconf 90' lang='lat'>»</span> <span class='ocrx_word' id='word_1_60' title='bbox 387 727 465 762; x_wconf 66' lang='lat' dir='ltr'>haec</span> <span class='ocrx_word' id='word_1_61' title='bbox 487 726 669 770; x_wconf 70' lang='lat' dir='ltr'>Oriqenes.</span> <span class='ocrx_word' id='word_1_62' title='bbox 704 725 774 761; x_wconf 86' lang='lat' dir='ltr'>Sed</span> <span class='ocrx_word' id='word_1_63' title='bbox 796 725 840 760; x_wconf 92' lang='lat' dir='ltr'>de</span> <span class='ocrx_word' id='word_1_64' title='bbox 862 734 950 760; x_wconf 92' lang='lat' dir='ltr'>om-</span> 
     </span>
     <span class='ocr_line' id='line_1_13' title="bbox 179 770 951 811; baseline -0.006 0"><span class='ocrx_word' id='word_1_65' title='bbox 179 775 286 811; x_wconf 87' lang='lat' dir='ltr'>nium</span> <span class='ocrx_word' id='word_1_66' title='bbox 299 773 527 810; x_wconf 74' lang='lat' dir='ltr'>testimoniis</span> <span class='ocrx_word' id='word_1_67' title='bbox 540 773 659 809; x_wconf 90' lang='lat' dir='ltr'>solum</span> <span class='ocrx_word' id='word_1_68' title='bbox 671 772 830 808; x_wconf 89' lang='lat' dir='ltr'>duorum</span> <span class='ocrx_word' id='word_1_69' title='bbox 848 770 951 807; x_wconf 88' lang='lat' dir='ltr'>testi-</span> 
     </span>
     <span class='ocr_line' id='line_1_14' title="bbox 180 817 950 867; baseline -0.005 -9"><span class='ocrx_word' id='word_1_70' title='bbox 180 821 351 859; x_wconf 90' lang='lat' dir='ltr'>monium</span> <span class='ocrx_word' id='word_1_71' title='bbox 373 820 605 867; x_wconf 74' lang='lat' dir='ltr'>exprimitur,</span> <span class='ocrx_word' id='word_1_72' title='bbox 630 821 674 855; x_wconf 86' lang='lat' dir='ltr'>de</span> <span class='ocrx_word' id='word_1_73' title='bbox 696 819 831 865; x_wconf 87' lang='lat' dir='ltr'>quibus</span> <span class='ocrx_word' id='word_1_74' title='bbox 855 817 950 854; x_wconf 87' lang='lat' dir='ltr'>sub-</span> 
     </span>
     <span class='ocr_line' id='line_1_15' title="bbox 178 865 953 916; baseline -0.006 -11"><span class='ocrx_word' id='word_1_75' title='bbox 178 869 350 916; x_wconf 81' lang='lat' dir='ltr'>jungitur</span> <span class='ocrx_word' id='word_1_76' title='bbox 377 880 385 904; x_wconf 76' lang='lat' dir='ltr'>t</span> <span class='ocrx_word' id='word_1_77' title='bbox 420 869 624 905; x_wconf 79' lang='lat' dir='ltr'>Novissime</span> <span class='ocrx_word' id='word_1_78' title='bbox 655 871 787 907; x_wconf 75' lang='lat' dir='ltr'>autem,</span> <span class='ocrx_word' id='word_1_79' title='bbox 811 865 953 901; x_wconf 87' lang='lat' dir='ltr'>scilicet</span> 
     </span>
     <span class='ocr_line' id='line_1_16' title="bbox 177 912 950 963; baseline -0.006 -11"><span class='ocrx_word' id='word_1_80' title='bbox 177 921 264 963; x_wconf 89' lang='lat' dir='ltr'>post</span> <span class='ocrx_word' id='word_1_81' title='bbox 287 915 491 952; x_wconf 86' lang='lat' dir='ltr'>multorum</span> <span class='ocrx_word' id='word_1_82' title='bbox 518 914 611 950; x_wconf 72' lang='lat' dir='ltr'>falsa</span> <span class='ocrx_word' id='word_1_83' title='bbox 635 912 863 957; x_wconf 84' lang='lat' dir='ltr'>testimonia,</span> <span class='ocrx_word' id='word_1_84' title='bbox 890 923 950 948; x_wconf 83' lang='lat' dir='ltr'>ve-</span> 
     </span>
     <span class='ocr_line' id='line_1_17' title="bbox 177 960 950 1006; baseline -0.006 -7"><span class='ocrx_word' id='word_1_85' title='bbox 177 967 309 999; x_wconf 75' lang='lat' dir='ltr'>nerunt</span> <span class='ocrx_word' id='word_1_86' title='bbox 333 963 403 998; x_wconf 80' lang='lat' dir='ltr'>duo</span> <span class='ocrx_word' id='word_1_87' title='bbox 426 963 517 1006; x_wconf 78' lang='lat' dir='ltr'>fulsi</span> <span class='ocrx_word' id='word_1_88' title='bbox 543 965 661 1002; x_wconf 80' lang='lat' dir='ltr'>testes,</span> <span class='ocrx_word' id='word_1_89' title='bbox 685 964 718 996; x_wconf 86' lang='lat' dir='ltr'>et</span> <span class='ocrx_word' id='word_1_90' title='bbox 741 960 916 995; x_wconf 68' lang='lat' dir='ltr'>dimerunt</span> <span class='ocrx_word' id='word_1_91' title='bbox 940 970 950 993; x_wconf 85' lang='grc'>.·</span> 
     </span>
     <span class='ocr_line' id='line_1_18' title="bbox 176 1009 952 1054; baseline -0.005 -8"><span class='ocrx_word' id='word_1_92' title='bbox 176 1011 355 1054; x_wconf 73' lang='lat' dir='ltr'>Quoniam</span> <span class='ocrx_word' id='word_1_93' title='bbox 383 1019 447 1045; x_wconf 82' lang='lat' dir='ltr'>nos</span> <span class='ocrx_word' id='word_1_94' title='bbox 473 1009 683 1044; x_wconf 82' lang='lat' dir='ltr'>audivimus</span> <span class='ocrx_word' id='word_1_95' title='bbox 708 1018 801 1051; x_wconf 81' lang='lat' dir='ltr'>eum,</span> <span class='ocrx_word' id='word_1_96' title='bbox 824 1009 952 1043; x_wconf 88' lang='lat' dir='ltr'>Jesum</span> 
     </span>
     <span class='ocr_line' id='line_1_19' title="bbox 175 1055 955 1094; baseline -0.005 -1"><span class='ocrx_word' id='word_1_97' title='bbox 175 1057 319 1094; x_wconf 73' lang='lat' dir='ltr'>scilicet</span> <span class='ocrx_word' id='word_1_98' title='bbox 346 1057 521 1092; x_wconf 78' lang='lat' dir='ltr'>dicentem</span> <span class='ocrx_word' id='word_1_99' title='bbox 549 1067 557 1091; x_wconf 79' lang='lat' dir='ltr'><strong><em>z</em></strong></span> <span class='ocrx_word' id='word_1_100' title='bbox 586 1057 736 1091; x_wconf 86' lang='lat' dir='ltr'>Possum</span> <span class='ocrx_word' id='word_1_101' title='bbox 769 1055 955 1090; x_wconf 79' lang='lat' dir='ltr'>destruere</span> 
     </span>
     <span class='ocr_line' id='line_1_20' title="bbox 175 1102 956 1150; baseline -0.005 -10"><span class='ocrx_word' id='word_1_102' title='bbox 175 1106 349 1150; x_wconf 77' lang='lat' dir='ltr'>templum</span> <span class='ocrx_word' id='word_1_103' title='bbox 363 1106 442 1144; x_wconf 86' lang='lat' dir='ltr'>Dei,</span> <span class='ocrx_word' id='word_1_104' title='bbox 453 1107 486 1139; x_wconf 88' lang='lat' dir='ltr'>et</span> <span class='ocrx_word' id='word_1_105' title='bbox 498 1106 578 1148; x_wconf 81' lang='lat' dir='ltr'>post</span> <span class='ocrx_word' id='word_1_106' title='bbox 589 1103 751 1138; x_wconf 80' lang='lat' dir='ltr'>triduum</span> <span class='ocrx_word' id='word_1_107' title='bbox 761 1102 956 1147; x_wconf 73' lang='lat' dir='ltr'>reaedisica-</span> 
     </span>
     <span class='ocr_line' id='line_1_21' title="bbox 174 1150 954 1194; baseline -0.006 -6"><span class='ocrx_word' id='word_1_108' title='bbox 174 1162 214 1188; x_wconf 78' lang='lat' dir='ltr'>re</span> <span class='ocrx_word' id='word_1_109' title='bbox 230 1152 346 1194; x_wconf 74' lang='lat' dir='ltr'>illud3</span> <span class='ocrx_word' id='word_1_110' title='bbox 367 1152 423 1187; x_wconf 86' lang='lat' dir='ltr'>vel</span> <span class='ocrx_word' id='word_1_111' title='bbox 444 1161 452 1186; x_wconf 89' lang='lat'>:</span> <span class='ocrx_word' id='word_1_112' title='bbox 470 1153 546 1194; x_wconf 71' lang='lat' dir='ltr'>qu</span> <span class='ocrx_word' id='word_1_113' title='bbox 564 1150 762 1185; x_wconf 75' lang='lat' dir='ltr'><em>dissolvam</em></span> <span class='ocrx_word' id='word_1_114' title='bbox 781 1150 954 1194; x_wconf 81' lang='lat' dir='ltr'>templum</span> 
     </span>
     <span class='ocr_line' id='line_1_22' title="bbox 179 1196 956 1243; baseline -0.006 -8"><span class='ocrx_word' id='word_1_115' title='bbox 179 1200 244 1235; x_wconf 79' lang='lat' dir='ltr'>hoc</span> <span class='ocrx_word' id='word_1_116' title='bbox 260 1210 368 1234; x_wconf 83' lang='lat' dir='ltr'>manu</span> <span class='ocrx_word' id='word_1_117' title='bbox 382 1200 535 1242; x_wconf 78' lang='lat' dir='ltr'>factum.</span> <span class='ocrx_word' id='word_1_118' title='bbox 550 1201 584 1233; x_wconf 83' lang='lat' dir='ltr'>et</span> <span class='ocrx_word' id='word_1_119' title='bbox 597 1197 837 1243; x_wconf 77' lang='lat' dir='ltr'>pertriduum</span> <span class='ocrx_word' id='word_1_120' title='bbox 852 1196 956 1231; x_wconf 80' lang='lat' dir='ltr'>aliud</span> 
     </span>
     <span class='ocr_line' id='line_1_23' title="bbox 180 1243 957 1289; baseline -0.005 -7"><span class='ocrx_word' id='word_1_121' title='bbox 180 1257 252 1282; x_wconf 81' lang='lat' dir='ltr'>non</span> <span class='ocrx_word' id='word_1_122' title='bbox 278 1257 388 1281; x_wconf 82' lang='lat' dir='ltr'>manu</span> <span class='ocrx_word' id='word_1_123' title='bbox 412 1247 554 1289; x_wconf 77' lang='lat' dir='ltr'>factum</span> <span class='ocrx_word' id='word_1_124' title='bbox 583 1244 781 1289; x_wconf 66' lang='lat' dir='ltr'>aedificabo.</span> <span class='ocrx_word' id='word_1_125' title='bbox 810 1245 860 1279; x_wconf 78' lang='lat' dir='ltr'>Ex</span> <span class='ocrx_word' id='word_1_126' title='bbox 885 1243 957 1278; x_wconf 89' lang='lat' dir='ltr'>hoc</span> 
     </span>
     <span class='ocr_line' id='line_1_24' title="bbox 182 1290 958 1338; baseline -0.006 -8"><span class='ocrx_word' id='word_1_127' title='bbox 182 1296 307 1330; x_wconf 86' lang='lat' dir='ltr'>autem</span> <span class='ocrx_word' id='word_1_128' title='bbox 325 1293 557 1329; x_wconf 70' lang='lat' dir='ltr'>conabantur</span> <span class='ocrx_word' id='word_1_129' title='bbox 567 1292 744 1338; x_wconf 87' lang='lat' dir='ltr'>probare,</span> <span class='ocrx_word' id='word_1_130' title='bbox 761 1290 862 1336; x_wconf 80' lang='lat' dir='ltr'>quod</span> <span class='ocrx_word' id='word_1_131' title='bbox 880 1291 958 1335; x_wconf 82' lang='lat' dir='ltr'>ipse</span> 
     </span>
     <span class='ocr_line' id='line_1_25' title="bbox 183 1336 958 1384; baseline -0.004 -8"><span class='ocrx_word' id='word_1_132' title='bbox 183 1340 350 1378; x_wconf 89' lang='lat' dir='ltr'>divinam</span> <span class='ocrx_word' id='word_1_133' title='bbox 383 1338 588 1384; x_wconf 89' lang='lat' dir='ltr'>potentiam</span> <span class='ocrx_word' id='word_1_134' title='bbox 621 1338 728 1384; x_wconf 86' lang='lat' dir='ltr'>quasi</span> <span class='ocrx_word' id='word_1_135' title='bbox 758 1339 856 1374; x_wconf 89' lang='lat' dir='ltr'>Deus</span> <span class='ocrx_word' id='word_1_136' title='bbox 887 1336 958 1374; x_wconf 86' lang='lat' dir='ltr'>sibi</span> 
     </span>
     <span class='ocr_line' id='line_1_26' title="bbox 184 1383 960 1434; baseline -0.005 -10"><span class='ocrx_word' id='word_1_137' title='bbox 184 1390 406 1434; x_wconf 81' lang='lat' dir='ltr'>usurparet;</span> <span class='ocrx_word' id='word_1_138' title='bbox 425 1386 490 1422; x_wconf 91' lang='lat' dir='ltr'>sed</span> <span class='ocrx_word' id='word_1_139' title='bbox 506 1386 586 1421; x_wconf 64' lang='lat' dir='ltr'>salsi</span> <span class='ocrx_word' id='word_1_140' title='bbox 601 1389 717 1421; x_wconf 85' lang='lat' dir='ltr'>testes</span> <span class='ocrx_word' id='word_1_141' title='bbox 733 1390 854 1429; x_wconf 87' lang='lat' dir='ltr'>erant,</span> <span class='ocrx_word' id='word_1_142' title='bbox 872 1383 960 1430; x_wconf 87' lang='lat' dir='ltr'>quia</span> 
     </span>
     <span class='ocr_line' id='line_1_27' title="bbox 186 1431 957 1476; baseline -0.004 -6"><span class='ocrx_word' id='word_1_143' title='bbox 186 1440 224 1471; x_wconf 89' lang='lat' dir='ltr'>et</span> <span class='ocrx_word' id='word_1_144' title='bbox 238 1444 405 1476; x_wconf 88' lang='lat' dir='ltr'>sensum,</span> <span class='ocrx_word' id='word_1_145' title='bbox 417 1437 453 1469; x_wconf 87' lang='lat' dir='ltr'>et</span> <span class='ocrx_word' id='word_1_146' title='bbox 467 1434 582 1469; x_wconf 87' lang='lat' dir='ltr'>verba</span> <span class='ocrx_word' id='word_1_147' title='bbox 597 1431 733 1469; x_wconf 84' lang='lat' dir='ltr'>Christi</span> <span class='ocrx_word' id='word_1_148' title='bbox 749 1433 957 1468; x_wconf 74' lang='lat' dir='ltr'>mutabant.</span> 
     </span>
     <span class='ocr_line' id='line_1_28' title="bbox 184 1479 960 1528; baseline -0.005 -9"><span class='ocrx_word' id='word_1_149' title='bbox 184 1481 240 1519; x_wconf 90' lang='lat' dir='ltr'>Ad</span> <span class='ocrx_word' id='word_1_150' title='bbox 255 1481 355 1528; x_wconf 89' lang='lat' dir='ltr'>quod</span> <span class='ocrx_word' id='word_1_151' title='bbox 367 1480 536 1517; x_wconf 85' lang='lat' dir='ltr'>Christus</span> <span class='ocrx_word' id='word_1_152' title='bbox 550 1479 856 1525; x_wconf 83' lang='lat' dir='ltr'>nibilrespondit‚</span> <span class='ocrx_word' id='word_1_153' title='bbox 872 1480 960 1523; x_wconf 77' lang='lat' dir='ltr'>quia</span> 
     </span>
     <span class='ocr_line' id='line_1_29' title="bbox 188 1526 955 1574; baseline -0.004 -9"><span class='ocrx_word' id='word_1_154' title='bbox 188 1528 473 1565; x_wconf 81' lang='lat' dir='ltr'>mentiebantur</span> <span class='ocrx_word' id='word_1_155' title='bbox 492 1531 635 1574; x_wconf 84' lang='lat' dir='ltr'>aperte,</span> <span class='ocrx_word' id='word_1_156' title='bbox 649 1538 723 1562; x_wconf 91' lang='lat' dir='ltr'>non</span> <span class='ocrx_word' id='word_1_157' title='bbox 745 1526 843 1563; x_wconf 86' lang='lat' dir='ltr'>enim</span> <span class='ocrx_word' id='word_1_158' title='bbox 856 1526 955 1562; x_wconf 61' lang='lat' dir='ltr'>dixe&gt;</span> 
     </span>
     <span class='ocr_line' id='line_1_30' title="bbox 185 1573 957 1620; baseline -0.006 -7"><span class='ocrx_word' id='word_1_159' title='bbox 185 1580 245 1613; x_wconf 85' lang='lat' dir='ltr'>rat</span> <span class='ocrx_word' id='word_1_160' title='bbox 277 1576 323 1612; x_wconf 91' lang='lat' dir='ltr'>de</span> <span class='ocrx_word' id='word_1_161' title='bbox 359 1576 429 1611; x_wconf 88' lang='lat' dir='ltr'>hoc</span> <span class='ocrx_word' id='word_1_162' title='bbox 461 1575 599 1620; x_wconf 73' lang='lat' dir='ltr'>templo</span> <span class='ocrx_word' id='word_1_163' title='bbox 639 1574 864 1616; x_wconf 76' lang='lat' dir='ltr'>Salomonis,</span> <span class='ocrx_word' id='word_1_164' title='bbox 893 1573 957 1609; x_wconf 89' lang='lat' dir='ltr'>sed</span> 
     </span>
     <span class='ocr_line' id='line_1_31' title="bbox 182 1622 957 1671; baseline -0.005 -12"><span class='ocrx_word' id='word_1_165' title='bbox 182 1623 326 1671; x_wconf 89' lang='lat' dir='ltr'>proprii</span> <span class='ocrx_word' id='word_1_166' title='bbox 349 1622 532 1669; x_wconf 88' lang='lat' dir='ltr'>corporis.</span> <span class='ocrx_word' id='word_1_167' title='bbox 556 1622 662 1658; x_wconf 89' lang='lat' dir='ltr'>Unde</span> <span class='ocrx_word' id='word_1_168' title='bbox 687 1623 925 1666; x_wconf 73' lang='lat' dir='ltr'>Hieronymus</span> <span class='ocrx_word' id='word_1_169' title='bbox 947 1633 957 1655; x_wconf 86' lang='lat'>.-</span> 
     </span>
     <span class='ocr_line' id='line_1_32' title="bbox 187 1669 957 1715; baseline -0.003 -10"><span class='ocrx_word' id='word_1_170' title='bbox 187 1685 207 1705; x_wconf 86' lang='lat'>«</span> <span class='ocrx_word' id='word_1_171' title='bbox 229 1671 358 1707; x_wconf 85' lang='lat' dir='ltr'>Falsus</span> <span class='ocrx_word' id='word_1_172' title='bbox 380 1669 488 1705; x_wconf 87' lang='lat' dir='ltr'>testis</span> <span class='ocrx_word' id='word_1_173' title='bbox 522 1672 592 1712; x_wconf 86' lang='lat' dir='ltr'>est,</span> <span class='ocrx_word' id='word_1_174' title='bbox 619 1670 683 1715; x_wconf 88' lang='lat' dir='ltr'>qui</span> <span class='ocrx_word' id='word_1_175' title='bbox 719 1679 793 1704; x_wconf 91' lang='lat' dir='ltr'>non</span> <span class='ocrx_word' id='word_1_176' title='bbox 824 1669 957 1704; x_wconf 78' lang='lat' dir='ltr'>eodem</span> 
     </span>
     <span class='ocr_line' id='line_1_33' title="bbox 184 1715 956 1762; baseline -0.003 -8"><span class='ocrx_word' id='word_1_177' title='bbox 184 1728 297 1754; x_wconf 88' lang='lat' dir='ltr'>sensu</span> <span class='ocrx_word' id='word_1_178' title='bbox 319 1717 417 1753; x_wconf 82' lang='lat' dir='ltr'>dicta</span> <span class='ocrx_word' id='word_1_179' title='bbox 444 1715 623 1762; x_wconf 86' lang='lat' dir='ltr'>intelligit</span> <span class='ocrx_word' id='word_1_180' title='bbox 652 1727 725 1762; x_wconf 86' lang='lat' dir='ltr'>quo</span> <span class='ocrx_word' id='word_1_181' title='bbox 751 1715 926 1752; x_wconf 88' lang='lat' dir='ltr'>dicuntur</span> <span class='ocrx_word' id='word_1_182' title='bbox 948 1729 956 1752; x_wconf 88' lang='lat'>:</span> 
     </span>
     <span class='ocr_line' id='line_1_34' title="bbox 184 1763 961 1809; baseline -0.004 -8"><span class='ocrx_word' id='word_1_183' title='bbox 184 1764 369 1802; x_wconf 87' lang='lat' dir='ltr'>Dominus</span> <span class='ocrx_word' id='word_1_184' title='bbox 389 1764 490 1800; x_wconf 90' lang='lat' dir='ltr'>enim</span> <span class='ocrx_word' id='word_1_185' title='bbox 508 1763 653 1800; x_wconf 82' lang='lat' dir='ltr'>dixerat</span> <span class='ocrx_word' id='word_1_186' title='bbox 668 1764 712 1798; x_wconf 75' lang='lat' dir='ltr'>(le</span> <span class='ocrx_word' id='word_1_187' title='bbox 726 1763 866 1809; x_wconf 85' lang='lat' dir='ltr'>templo</span> <span class='ocrx_word' id='word_1_188' title='bbox 882 1773 961 1798; x_wconf 88' lang='lat' dir='ltr'>cor-</span> 
     </span>
     <span class='ocr_line' id='line_1_35' title="bbox 184 1810 961 1860; baseline -0.003 -13"><span class='ocrx_word' id='word_1_189' title='bbox 184 1811 288 1860; x_wconf 81' lang='lat' dir='ltr'>poris</span> <span class='ocrx_word' id='word_1_190' title='bbox 301 1813 374 1857; x_wconf 88' lang='lat' dir='ltr'>sui,</span> <span class='ocrx_word' id='word_1_191' title='bbox 385 1811 450 1847; x_wconf 91' lang='lat' dir='ltr'>sed</span> <span class='ocrx_word' id='word_1_192' title='bbox 463 1812 498 1846; x_wconf 90' lang='lat' dir='ltr'>in</span> <span class='ocrx_word' id='word_1_193' title='bbox 512 1810 637 1847; x_wconf 89' lang='lat' dir='ltr'>verbis</span> <span class='ocrx_word' id='word_1_194' title='bbox 650 1810 708 1846; x_wconf 86' lang='lat' dir='ltr'>isti</span> <span class='ocrx_word' id='word_1_195' title='bbox 725 1821 808 1846; x_wconf 91' lang='lat' dir='ltr'>eum</span> <span class='ocrx_word' id='word_1_196' title='bbox 824 1810 961 1846; x_wconf 88' lang='lat' dir='ltr'>calum-</span> 
     </span>
     <span class='ocr_line' id='line_1_36' title="bbox 186 1857 961 1905; baseline -0.005 -9"><span class='ocrx_word' id='word_1_197' title='bbox 186 1861 353 1902; x_wconf 84' lang='lat' dir='ltr'>niantur,</span> <span class='ocrx_word' id='word_1_198' title='bbox 380 1864 417 1894; x_wconf 89' lang='lat' dir='ltr'>et</span> <span class='ocrx_word' id='word_1_199' title='bbox 436 1857 567 1905; x_wconf 80' lang='lat' dir='ltr'>paucis</span> <span class='ocrx_word' id='word_1_200' title='bbox 588 1857 738 1901; x_wconf 85' lang='lat' dir='ltr'>additis,</span> <span class='ocrx_word' id='word_1_201' title='bbox 758 1857 813 1893; x_wconf 86' lang='lat' dir='ltr'>vel</span> <span class='ocrx_word' id='word_1_202' title='bbox 837 1860 961 1893; x_wconf 89' lang='lat' dir='ltr'>muta-</span> 
     </span>
     <span class='ocr_line' id='line_1_37' title="bbox 186 1904 958 1952; baseline -0.004 -9"><span class='ocrx_word' id='word_1_203' title='bbox 186 1906 250 1951; x_wconf 82' lang='lat' dir='ltr'>tis,</span> <span class='ocrx_word' id='word_1_204' title='bbox 272 1905 377 1952; x_wconf 85' lang='lat' dir='ltr'>quasi</span> <span class='ocrx_word' id='word_1_205' title='bbox 394 1906 535 1952; x_wconf 87' lang='lat' dir='ltr'>justam</span> <span class='ocrx_word' id='word_1_206' title='bbox 559 1904 781 1941; x_wconf 89' lang='lat' dir='ltr'>calumniam</span> <span class='ocrx_word' id='word_1_207' title='bbox 807 1904 958 1940; x_wconf 83' lang='lat' dir='ltr'>faciunt.</span> 
     </span>
     <span class='ocr_line' id='line_1_38' title="bbox 189 1952 958 1991; baseline -0.005 0"><span class='ocrx_word' id='word_1_208' title='bbox 189 1953 361 1991; x_wconf 79' lang='lat' dir='ltr'>Salvator</span> <span class='ocrx_word' id='word_1_209' title='bbox 394 1952 539 1989; x_wconf 81' lang='lat' dir='ltr'>dixerat</span> <span class='ocrx_word' id='word_1_210' title='bbox 567 1963 575 1988; x_wconf 77' lang='lat' dir='ltr'>t</span> <span class='ocrx_word' id='word_1_211' title='bbox 609 1953 748 1989; x_wconf 76' lang='lat' dir='ltr'>Solvite</span> <span class='ocrx_word' id='word_1_212' title='bbox 769 1953 834 1988; x_wconf 86' lang='lat' dir='ltr'>hoc</span> <span class='ocrx_word' id='word_1_213' title='bbox 869 1955 958 1988; x_wconf 79' lang='lat' dir='ltr'>tem-</span> 
     </span>
     <span class='ocr_line' id='line_1_39' title="bbox 187 1999 961 2048; baseline -0.001 -12"><span class='ocrx_word' id='word_1_214' title='bbox 187 2003 305 2048; x_wconf 80' lang='lat' dir='ltr'>plum,</span> <span class='ocrx_word' id='word_1_215' title='bbox 328 1999 381 2036; x_wconf 92' lang='lat' dir='ltr'>illi</span> <span class='ocrx_word' id='word_1_216' title='bbox 414 2002 645 2036; x_wconf 86' lang='lat' dir='ltr'>commutant</span> <span class='ocrx_word' id='word_1_217' title='bbox 667 2004 703 2035; x_wconf 91' lang='lat' dir='ltr'>et</span> <span class='ocrx_word' id='word_1_218' title='bbox 723 1999 827 2035; x_wconf 90' lang='lat' dir='ltr'>aiunt</span> <span class='ocrx_word' id='word_1_219' title='bbox 847 2010 855 2035; x_wconf 73' lang='grc' dir='ltr'>ε</span> <span class='ocrx_word' id='word_1_220' title='bbox 877 2001 961 2035; x_wconf 88' lang='lat' dir='ltr'>Pos-</span> 
     </span>
     <span class='ocr_line' id='line_1_40' title="bbox 188 2045 959 2092; baseline -0.004 -8"><span class='ocrx_word' id='word_1_221' title='bbox 188 2058 267 2084; x_wconf 85' lang='lat' dir='ltr'>sum</span> <span class='ocrx_word' id='word_1_222' title='bbox 288 2048 472 2083; x_wconf 74' lang='lat' dir='ltr'>‹testruere</span> <span class='ocrx_word' id='word_1_223' title='bbox 489 2048 661 2092; x_wconf 79' lang='lat' dir='ltr'>templum</span> <span class='ocrx_word' id='word_1_224' title='bbox 686 2049 771 2091; x_wconf 82' lang='lat' dir='ltr'>Dei;</span> <span class='ocrx_word' id='word_1_225' title='bbox 804 2056 882 2082; x_wconf 85' lang='lat' dir='ltr'>vos.</span> <span class='ocrx_word' id='word_1_226' title='bbox 905 2045 959 2082; x_wconf 91' lang='lat' dir='ltr'>in-</span> 
     </span>
     <span class='ocr_line' id='line_1_41' title="bbox 193 2093 959 2142; baseline -0.003 -11"><span class='ocrx_word' id='word_1_227' title='bbox 193 2094 286 2142; x_wconf 88' lang='lat' dir='ltr'>quit,</span> <span class='ocrx_word' id='word_1_228' title='bbox 314 2096 454 2140; x_wconf 75' lang='lat' dir='ltr'>solvite,</span> <span class='ocrx_word' id='word_1_229' title='bbox 477 2105 553 2130; x_wconf 90' lang='lat' dir='ltr'>non</span> <span class='ocrx_word' id='word_1_230' title='bbox 579 2103 663 2140; x_wconf 85' lang='lat' dir='ltr'>ego,</span> <span class='ocrx_word' id='word_1_231' title='bbox 686 2093 774 2140; x_wconf 87' lang='lat' dir='ltr'>quia</span> <span class='ocrx_word' id='word_1_232' title='bbox 789 2093 959 2130; x_wconf 89' lang='lat' dir='ltr'>illicitum</span> 
     </span>
     <span class='ocr_line' id='line_1_42' title="bbox 191 2140 957 2187; baseline -0.003 -8"><span class='ocrx_word' id='word_1_233' title='bbox 191 2146 247 2179; x_wconf 86' lang='lat' dir='ltr'>est</span> <span class='ocrx_word' id='word_1_234' title='bbox 271 2144 309 2177; x_wconf 92' lang='lat' dir='ltr'>ut</span> <span class='ocrx_word' id='word_1_235' title='bbox 340 2142 409 2187; x_wconf 71' lang='lat' dir='ltr'>ipsi</span> <span class='ocrx_word' id='word_1_236' title='bbox 443 2140 551 2178; x_wconf 89' lang='lat' dir='ltr'>nobis</span> <span class='ocrx_word' id='word_1_237' title='bbox 578 2152 708 2177; x_wconf 80' lang='lat' dir='ltr'>manus</span> <span class='ocrx_word' id='word_1_238' title='bbox 738 2141 957 2177; x_wconf 82' lang='lat' dir='ltr'>inferamus.</span> 
     </span>
     <span class='ocr_line' id='line_1_43' title="bbox 190 2188 959 2234; baseline -0.001 -9"><span class='ocrx_word' id='word_1_239' title='bbox 190 2189 332 2225; x_wconf 81' lang='lat' dir='ltr'>Deinde</span> <span class='ocrx_word' id='word_1_240' title='bbox 361 2188 414 2224; x_wconf 92' lang='lat' dir='ltr'>illi</span> <span class='ocrx_word' id='word_1_241' title='bbox 436 2191 620 2233; x_wconf 86' lang='lat' dir='ltr'>evertunt,</span> <span class='ocrx_word' id='word_1_242' title='bbox 642 2192 674 2224; x_wconf 82' lang='lat' dir='ltr'>et</span> <span class='ocrx_word' id='word_1_243' title='bbox 692 2193 775 2234; x_wconf 81' lang='lat' dir='ltr'>post</span> <span class='ocrx_word' id='word_1_244' title='bbox 797 2189 959 2224; x_wconf 78' lang='lat' dir='ltr'>triduum</span> 
     </span>
     <span class='ocr_line' id='line_1_44' title="bbox 189 2235 959 2282; baseline -0.001 -9"><span class='ocrx_word' id='word_1_245' title='bbox 189 2237 374 2282; x_wconf 69' lang='lat' dir='ltr'>aedificabo</span> <span class='ocrx_word' id='word_1_246' title='bbox 393 2237 502 2280; x_wconf 84' lang='lat' dir='ltr'>illud,</span> <span class='ocrx_word' id='word_1_247' title='bbox 526 2239 564 2272; x_wconf 91' lang='lat' dir='ltr'>ut</span> <span class='ocrx_word' id='word_1_248' title='bbox 585 2235 736 2282; x_wconf 82' lang='lat' dir='ltr'>proprie</span> <span class='ocrx_word' id='word_1_249' title='bbox 754 2236 799 2271; x_wconf 91' lang='lat' dir='ltr'>de</span> <span class='ocrx_word' id='word_1_250' title='bbox 819 2235 959 2282; x_wconf 89' lang='lat' dir='ltr'>templo</span> 
     </span>
     <span class='ocr_line' id='line_1_45' title="bbox 187 2282 960 2328; baseline -0.003 -8"><span class='ocrx_word' id='word_1_251' title='bbox 187 2284 341 2320; x_wconf 82' lang='lat' dir='ltr'>Judaico</span> <span class='ocrx_word' id='word_1_252' title='bbox 378 2283 514 2319; x_wconf 87' lang='lat' dir='ltr'>dixisse</span> <span class='ocrx_word' id='word_1_253' title='bbox 550 2282 741 2328; x_wconf 84' lang='lat' dir='ltr'>videatur;</span> <span class='ocrx_word' id='word_1_254' title='bbox 781 2283 960 2319; x_wconf 87' lang='lat' dir='ltr'>Dominus</span> 
     </span>
     <span class='ocr_line' id='line_1_46' title="bbox 188 2330 959 2377; baseline -0.001 -10"><span class='ocrx_word' id='word_1_255' title='bbox 188 2335 328 2375; x_wconf 83' lang='lat' dir='ltr'>autem,</span> <span class='ocrx_word' id='word_1_256' title='bbox 348 2333 386 2367; x_wconf 89' lang='lat' dir='ltr'>ut</span> <span class='ocrx_word' id='word_1_257' title='bbox 409 2331 625 2367; x_wconf 84' lang='lat' dir='ltr'>ostenderet</span> <span class='ocrx_word' id='word_1_258' title='bbox 646 2330 808 2367; x_wconf 88' lang='lat' dir='ltr'>animale</span> <span class='ocrx_word' id='word_1_259' title='bbox 820 2334 856 2366; x_wconf 89' lang='lat' dir='ltr'>et</span> <span class='ocrx_word' id='word_1_260' title='bbox 876 2330 959 2377; x_wconf 92' lang='lat' dir='ltr'>spi-</span> 
     </span>
     <span class='ocr_line' id='line_1_47' title="bbox 188 2377 960 2423; baseline -0.001 -9"><span class='ocrx_word' id='word_1_261' title='bbox 188 2389 280 2415; x_wconf 84' lang='lat' dir='ltr'>rans</span> <span class='ocrx_word' id='word_1_262' title='bbox 303 2378 500 2423; x_wconf 85' lang='lat' dir='ltr'>templum,</span> <span class='ocrx_word' id='word_1_263' title='bbox 524 2377 668 2414; x_wconf 73' lang='lat' dir='ltr'>dixerat</span> <span class='ocrx_word' id='word_1_264' title='bbox 701 2393 709 2414; x_wconf 70' lang='grc' dir='ltr'>ε</span> <span class='ocrx_word' id='word_1_265' title='bbox 744 2380 792 2414; x_wconf 81' lang='lat' dir='ltr'>Et</span> <span class='ocrx_word' id='word_1_266' title='bbox 821 2388 883 2422; x_wconf 75' lang='grc'>090</span> <span class='ocrx_word' id='word_1_267' title='bbox 921 2379 960 2413; x_wconf 87' lang='lat' dir='ltr'>in</span> 
     </span>
     <span class='ocr_line' id='line_1_48' title="bbox 187 2424 960 2467; baseline -0.001 -6"><span class='ocrx_word' id='word_1_268' title='bbox 187 2426 311 2462; x_wconf 76' lang='lat' dir='ltr'>triduo</span> <span class='ocrx_word' id='word_1_269' title='bbox 332 2426 516 2461; x_wconf 77' lang='lat' dir='ltr'>suscitabo</span> <span class='ocrx_word' id='word_1_270' title='bbox 538 2425 654 2467; x_wconf 74' lang='lat' dir='ltr'>illud5</span> <span class='ocrx_word' id='word_1_271' title='bbox 678 2424 779 2461; x_wconf 88' lang='lat' dir='ltr'>aliud</span> <span class='ocrx_word' id='word_1_272' title='bbox 798 2430 854 2461; x_wconf 87' lang='lat' dir='ltr'>est</span> <span class='ocrx_word' id='word_1_273' title='bbox 876 2434 960 2461; x_wconf 88' lang='lat' dir='ltr'>sus·</span> 
     </span>
     <span class='ocr_line' id='line_1_49' title="bbox 188 2472 961 2517; baseline 0 -9"><span class='ocrx_word' id='word_1_274' title='bbox 188 2472 320 2517; x_wconf 86' lang='lat' dir='ltr'>citare,</span> <span class='ocrx_word' id='word_1_275' title='bbox 345 2472 443 2508; x_wconf 83' lang='lat' dir='ltr'>aliud</span> <span class='ocrx_word' id='word_1_276' title='bbox 479 2475 535 2508; x_wconf 87' lang='lat' dir='ltr'>est</span> <span class='ocrx_word' id='word_1_277' title='bbox 571 2472 759 2508; x_wconf 75' lang='lat' dir='ltr'>aedificare</span> <span class='ocrx_word' id='word_1_278' title='bbox 788 2484 796 2510; x_wconf 90' lang='lat'>:</span> <span class='ocrx_word' id='word_1_279' title='bbox 826 2485 843 2505; x_wconf 68' lang='lat' dir='ltr'>n</span> <span class='ocrx_word' id='word_1_280' title='bbox 880 2472 961 2508; x_wconf 85' lang='lat' dir='ltr'>haec</span> 
     </span>
     <span class='ocr_line' id='line_1_50' title="bbox 187 2519 958 2563; baseline -0.001 -7"><span class='ocrx_word' id='word_1_281' title='bbox 187 2522 444 2563; x_wconf 77' lang='lat' dir='ltr'>Hieronymus.</span> <span class='ocrx_word' id='word_1_282' title='bbox 465 2519 601 2555; x_wconf 90' lang='lat' dir='ltr'>Dicens</span> <span class='ocrx_word' id='word_1_283' title='bbox 613 2525 739 2554; x_wconf 72' lang='lat' dir='ltr'>autem</span> <span class='ocrx_word' id='word_1_284' title='bbox 754 2520 958 2555; x_wconf 85' lang='lat' dir='ltr'>Dominus:</span> 
     </span>
     <span class='ocr_line' id='line_1_51' title="bbox 189 2565 961 2612; baseline -0.003 -8"><span class='ocrx_word' id='word_1_285' title='bbox 189 2569 340 2611; x_wconf 79' lang='lat' dir='ltr'>Solvite,</span> <span class='ocrx_word' id='word_1_286' title='bbox 365 2577 439 2602; x_wconf 91' lang='lat' dir='ltr'>non</span> <span class='ocrx_word' id='word_1_287' title='bbox 467 2565 557 2602; x_wconf 89' lang='lat' dir='ltr'>dicit</span> <span class='ocrx_word' id='word_1_288' title='bbox 593 2566 859 2612; x_wconf 78' lang='lat' dir='ltr'>praepriendO,</span> <span class='ocrx_word' id='word_1_289' title='bbox 895 2566 961 2602; x_wconf 90' lang='lat' dir='ltr'>sed</span> 
     </span>
     <span class='ocr_line' id='line_1_52' title="bbox 191 2613 960 2661; baseline -0.001 -11"><span class='ocrx_word' id='word_1_290' title='bbox 191 2613 431 2661; x_wconf 68' lang='lat' dir='ltr'>praedicendo</span> <span class='ocrx_word' id='word_1_291' title='bbox 467 2613 519 2649; x_wconf 88' lang='lat' dir='ltr'>eis</span> <span class='ocrx_word' id='word_1_292' title='bbox 543 2613 634 2659; x_wconf 88' lang='lat' dir='ltr'>quid</span> <span class='ocrx_word' id='word_1_293' title='bbox 660 2616 785 2649; x_wconf 82' lang='lat' dir='ltr'>essent</span> <span class='ocrx_word' id='word_1_294' title='bbox 812 2613 960 2657; x_wconf 81' lang='lat' dir='ltr'>facturi,</span> 
     </span>
     <span class='ocr_line' id='line_1_53' title="bbox 193 2661 961 2708; baseline -0.001 -11"><span class='ocrx_word' id='word_1_295' title='bbox 193 2661 402 2708; x_wconf 84' lang='lat' dir='ltr'>praedicens</span> <span class='ocrx_word' id='word_1_296' title='bbox 423 2665 578 2697; x_wconf 83' lang='lat' dir='ltr'>mortem</span> <span class='ocrx_word' id='word_1_297' title='bbox 601 2671 706 2696; x_wconf 91' lang='lat' dir='ltr'>suam</span> <span class='ocrx_word' id='word_1_298' title='bbox 733 2661 770 2696; x_wconf 88' lang='lat' dir='ltr'>in</span> <span class='ocrx_word' id='word_1_299' title='bbox 793 2671 866 2706; x_wconf 79' lang='lat' dir='ltr'>qua</span> <span class='ocrx_word' id='word_1_300' title='bbox 883 2671 961 2696; x_wconf 89' lang='lat' dir='ltr'>cor-</span> 
     </span>
     <span class='ocr_line' id='line_1_54' title="bbox 193 2707 959 2755; baseline -0.004 -10"><span class='ocrx_word' id='word_1_301' title='bbox 193 2719 264 2755; x_wconf 88' lang='lat' dir='ltr'>pus</span> <span class='ocrx_word' id='word_1_302' title='bbox 285 2718 365 2755; x_wconf 79' lang='lat' dir='ltr'>e1us</span> <span class='ocrx_word' id='word_1_303' title='bbox 385 2709 483 2755; x_wconf 85' lang='lat' dir='ltr'>quod</span> <span class='ocrx_word' id='word_1_304' title='bbox 499 2711 579 2744; x_wconf 86' lang='lat' dir='ltr'>erat</span> <span class='ocrx_word' id='word_1_305' title='bbox 594 2708 775 2752; x_wconf 75' lang='lat' dir='ltr'>templum</span> <span class='ocrx_word' id='word_1_306' title='bbox 797 2707 959 2752; x_wconf 86' lang='lat' dir='ltr'>deitatis,</span> 
     </span>
     <span class='ocr_line' id='line_1_55' title="bbox 194 2755 960 2793; baseline -0.003 -1"><span class='ocrx_word' id='word_1_307' title='bbox 194 2756 359 2793; x_wconf 84' lang='lat' dir='ltr'>solutum</span> <span class='ocrx_word' id='word_1_308' title='bbox 380 2759 449 2792; x_wconf 91' lang='lat' dir='ltr'>est.</span> <span class='ocrx_word' id='word_1_309' title='bbox 474 2755 579 2791; x_wconf 86' lang='lat' dir='ltr'>Unde</span> <span class='ocrx_word' id='word_1_310' title='bbox 613 2765 744 2790; x_wconf 85' lang='lat' dir='ltr'>sensus</span> <span class='ocrx_word' id='word_1_311' title='bbox 762 2758 818 2791; x_wconf 87' lang='lat' dir='ltr'>est</span> <span class='ocrx_word' id='word_1_312' title='bbox 841 2767 851 2790; x_wconf 92' lang='lat'>:</span> <span class='ocrx_word' id='word_1_313' title='bbox 879 2755 960 2792; x_wconf 87' lang='lat' dir='ltr'>Sol-</span> 
     </span>
     <span class='ocr_line' id='line_1_56' title="bbox 193 2801 962 2849; baseline -0.004 -9"><span class='ocrx_word' id='word_1_314' title='bbox 193 2805 280 2849; x_wconf 83' lang='lat' dir='ltr'>vite,</span> <span class='ocrx_word' id='word_1_315' title='bbox 303 2803 341 2839; x_wconf 89' lang='lat' dir='ltr'>id</span> <span class='ocrx_word' id='word_1_316' title='bbox 361 2806 417 2839; x_wconf 90' lang='lat' dir='ltr'>est</span> <span class='ocrx_word' id='word_1_317' title='bbox 437 2801 590 2839; x_wconf 80' lang='lat' dir='ltr'>solvetis</span> <span class='ocrx_word' id='word_1_318' title='bbox 605 2812 741 2848; x_wconf 86' lang='lat' dir='ltr'>corpus</span> <span class='ocrx_word' id='word_1_319' title='bbox 757 2812 883 2838; x_wconf 88' lang='lat' dir='ltr'>meum</span> <span class='ocrx_word' id='word_1_320' title='bbox 894 2812 962 2849; x_wconf 89' lang='lat' dir='ltr'>per</span> 
     </span>
    </p>
   </div>
   <div class='ocr_carea' id='block_1_3' title="bbox 1021 248 1852 2839">
    <p class='ocr_par' dir='ltr' id='par_1_3' title="bbox 1021 248 1801 863">
     <span class='ocr_line' id='line_1_57' title="bbox 1021 248 1791 296; baseline -0.003 -8"><span class='ocrx_word' id='word_1_321' title='bbox 1021 254 1195 295; x_wconf 86' lang='lat' dir='ltr'>mortem,</span> <span class='ocrx_word' id='word_1_322' title='bbox 1219 259 1331 296; x_wconf 84' lang='lat' dir='ltr'>quam</span> <span class='ocrx_word' id='word_1_323' title='bbox 1353 248 1446 286; x_wconf 88' lang='lat' dir='ltr'>mihi</span> <span class='ocrx_word' id='word_1_324' title='bbox 1479 249 1664 295; x_wconf 81' lang='lat' dir='ltr'>inferetis,</span> <span class='ocrx_word' id='word_1_325' title='bbox 1689 253 1723 286; x_wconf 82' lang='lat' dir='ltr'>et</span> <span class='ocrx_word' id='word_1_326' title='bbox 1750 251 1791 286; x_wconf 84' lang='lat' dir='ltr'>in</span> 
     </span>
     <span class='ocr_line' id='line_1_58' title="bbox 1021 297 1791 336; baseline -0.001 -1"><span class='ocrx_word' id='word_1_327' title='bbox 1021 300 1139 336; x_wconf 76' lang='lat' dir='ltr'>tribus</span> <span class='ocrx_word' id='word_1_328' title='bbox 1159 298 1286 334; x_wconf 80' lang='lat' dir='ltr'>diebus</span> <span class='ocrx_word' id='word_1_329' title='bbox 1307 298 1472 333; x_wconf 74' lang='lat' dir='ltr'>excitabo</span> <span class='ocrx_word' id='word_1_330' title='bbox 1492 299 1600 334; x_wconf 78' lang='lat' dir='ltr'>illud.</span> <span class='ocrx_word' id='word_1_331' title='bbox 1620 297 1791 334; x_wconf 81' lang='lat' dir='ltr'>Excitare</span> 
     </span>
     <span class='ocr_line' id='line_1_59' title="bbox 1022 345 1792 389; baseline -0.004 -6"><span class='ocrx_word' id='word_1_332' title='bbox 1022 347 1122 383; x_wconf 85' lang='lat' dir='ltr'>enirn</span> <span class='ocrx_word' id='word_1_333' title='bbox 1141 348 1197 382; x_wconf 84' lang='lat' dir='ltr'>est</span> <span class='ocrx_word' id='word_1_334' title='bbox 1232 356 1253 381; x_wconf 89' lang='lat' dir='ltr'>a</span> <span class='ocrx_word' id='word_1_335' title='bbox 1288 355 1420 381; x_wconf 90' lang='lat' dir='ltr'>somno</span> <span class='ocrx_word' id='word_1_336' title='bbox 1441 345 1572 381; x_wconf 88' lang='lat' dir='ltr'>mortis</span> <span class='ocrx_word' id='word_1_337' title='bbox 1598 355 1792 389; x_wconf 88' lang='lat' dir='ltr'>revocare,</span> 
     </span>
     <span class='ocr_line' id='line_1_60' title="bbox 1022 391 1794 440; baseline -0.003 -10"><span class='ocrx_word' id='word_1_338' title='bbox 1022 393 1121 440; x_wconf 87' lang='lat' dir='ltr'>quod</span> <span class='ocrx_word' id='word_1_339' title='bbox 1154 391 1305 439; x_wconf 89' lang='lat' dir='ltr'>proprie</span> <span class='ocrx_word' id='word_1_340' title='bbox 1325 391 1503 438; x_wconf 87' lang='lat' dir='ltr'>competit</span> <span class='ocrx_word' id='word_1_341' title='bbox 1522 393 1663 439; x_wconf 89' lang='lat' dir='ltr'>templo</span> <span class='ocrx_word' id='word_1_342' title='bbox 1683 391 1794 438; x_wconf 90' lang='lat' dir='ltr'>spiri-</span> 
     </span>
     <span class='ocr_line' id='line_1_61' title="bbox 1021 438 1795 485; baseline -0.001 -9"><span class='ocrx_word' id='word_1_343' title='bbox 1021 441 1129 484; x_wconf 83' lang='lat' dir='ltr'>tuali,</span> <span class='ocrx_word' id='word_1_344' title='bbox 1149 439 1290 476; x_wconf 79' lang='lat' dir='ltr'>scilicet</span> <span class='ocrx_word' id='word_1_345' title='bbox 1316 449 1383 474; x_wconf 89' lang='lat' dir='ltr'>suo</span> <span class='ocrx_word' id='word_1_346' title='bbox 1420 438 1566 485; x_wconf 82' lang='lat' dir='ltr'>corpori</span> <span class='ocrx_word' id='word_1_347' title='bbox 1585 450 1594 483; x_wconf 85' lang='lat'>3</span> <span class='ocrx_word' id='word_1_348' title='bbox 1616 439 1680 475; x_wconf 83' lang='lat' dir='ltr'>sed</span> <span class='ocrx_word' id='word_1_349' title='bbox 1700 449 1795 475; x_wconf 81' lang='lat' dir='ltr'>reae-</span> 
     </span>
     <span class='ocr_line' id='line_1_62' title="bbox 1023 485 1796 532; baseline -0.005 -8"><span class='ocrx_word' id='word_1_350' title='bbox 1023 487 1178 524; x_wconf 86' lang='lat' dir='ltr'>dificare</span> <span class='ocrx_word' id='word_1_351' title='bbox 1201 485 1350 532; x_wconf 76' lang='lat' dir='ltr'>proprie</span> <span class='ocrx_word' id='word_1_352' title='bbox 1369 485 1546 532; x_wconf 88' lang='lat' dir='ltr'>competit</span> <span class='ocrx_word' id='word_1_353' title='bbox 1560 485 1700 529; x_wconf 85' lang='lat' dir='ltr'>templo</span> <span class='ocrx_word' id='word_1_354' title='bbox 1721 495 1796 521; x_wconf 87' lang='lat' dir='ltr'>ma-</span> 
     </span>
     <span class='ocr_line' id='line_1_63' title="bbox 1022 532 1798 579; baseline -0.003 -9"><span class='ocrx_word' id='word_1_355' title='bbox 1022 534 1159 570; x_wconf 87' lang='lat' dir='ltr'>teriali.</span> <span class='ocrx_word' id='word_1_356' title='bbox 1182 534 1262 570; x_wconf 78' lang='lat' dir='ltr'>Non</span> <span class='ocrx_word' id='word_1_357' title='bbox 1287 533 1408 579; x_wconf 87' lang='lat' dir='ltr'>majus</span> <span class='ocrx_word' id='word_1_358' title='bbox 1429 535 1555 568; x_wconf 81' lang='lat' dir='ltr'>tamen</span> <span class='ocrx_word' id='word_1_359' title='bbox 1575 532 1798 569; x_wconf 82' lang='lat' dir='ltr'>miraculum</span> 
     </span>
     <span class='ocr_line' id='line_1_64' title="bbox 1023 578 1801 627; baseline -0.004 -9"><span class='ocrx_word' id='word_1_360' title='bbox 1023 585 1118 625; x_wconf 84' lang='lat' dir='ltr'>erat,</span> <span class='ocrx_word' id='word_1_361' title='bbox 1139 581 1321 627; x_wconf 86' lang='lat' dir='ltr'>templum</span> <span class='ocrx_word' id='word_1_362' title='bbox 1341 581 1599 616; x_wconf 78' lang='lat' dir='ltr'>manufactum</span> <span class='ocrx_word' id='word_1_363' title='bbox 1619 579 1658 615; x_wconf 92' lang='lat' dir='ltr'>in</span> <span class='ocrx_word' id='word_1_364' title='bbox 1676 578 1801 616; x_wconf 90' lang='lat' dir='ltr'>tribus</span> 
     </span>
     <span class='ocr_line' id='line_1_65' title="bbox 1025 627 1798 673; baseline -0.004 -9"><span class='ocrx_word' id='word_1_365' title='bbox 1025 629 1156 665; x_wconf 88' lang='lat' dir='ltr'>diebus</span> <span class='ocrx_word' id='word_1_366' title='bbox 1172 628 1357 664; x_wconf 76' lang='lat' dir='ltr'>reaeditica</span> <span class='ocrx_word' id='word_1_367' title='bbox 1365 638 1419 672; x_wconf 86' lang='lat' dir='ltr'>re,</span> <span class='ocrx_word' id='word_1_368' title='bbox 1430 637 1542 673; x_wconf 86' lang='lat' dir='ltr'>quam</span> <span class='ocrx_word' id='word_1_369' title='bbox 1554 627 1798 672; x_wconf 80' lang='lat' dir='ltr'>semetipsum</span> 
     </span>
     <span class='ocr_line' id='line_1_66' title="bbox 1024 674 1795 721; baseline -0.001 -10"><span class='ocrx_word' id='word_1_370' title='bbox 1024 679 1108 721; x_wconf 85' lang='lat' dir='ltr'>post</span> <span class='ocrx_word' id='word_1_371' title='bbox 1133 679 1309 719; x_wconf 82' lang='lat' dir='ltr'>mortem,</span> <span class='ocrx_word' id='word_1_372' title='bbox 1336 674 1396 710; x_wconf 90' lang='lat' dir='ltr'>die</span> <span class='ocrx_word' id='word_1_373' title='bbox 1421 675 1531 710; x_wconf 84' lang='lat' dir='ltr'>tertia</span> <span class='ocrx_word' id='word_1_374' title='bbox 1557 674 1795 710; x_wconf 86' lang='lat' dir='ltr'>resuscitare.</span> 
     </span>
     <span class='ocr_line' id='line_1_67' title="bbox 1024 720 1800 768; baseline -0.003 -10"><span class='ocrx_word' id='word_1_375' title='bbox 1024 724 1130 766; x_wconf 86' lang='lat' dir='ltr'>Item,</span> <span class='ocrx_word' id='word_1_376' title='bbox 1153 726 1305 768; x_wconf 72' lang='lat' dir='ltr'>possent</span> <span class='ocrx_word' id='word_1_377' title='bbox 1317 721 1388 758; x_wconf 86' lang='lat' dir='ltr'>dici</span> <span class='ocrx_word' id='word_1_378' title='bbox 1407 721 1488 757; x_wconf 86' lang='lat' dir='ltr'>salsi</span> <span class='ocrx_word' id='word_1_379' title='bbox 1513 725 1625 757; x_wconf 82' lang='lat' dir='ltr'>testes</span> <span class='ocrx_word' id='word_1_380' title='bbox 1640 732 1683 757; x_wconf 80' lang='lat' dir='ltr'>ex</span> <span class='ocrx_word' id='word_1_381' title='bbox 1705 720 1800 757; x_wconf 83' lang='lat' dir='ltr'>salsa</span> 
     </span>
     <span class='ocr_line' id='line_1_68' title="bbox 1024 769 1798 823; baseline -0.003 -17"><span class='ocrx_word' id='word_1_382' title='bbox 1024 769 1245 823; x_wconf 40' lang='lat' dir='ltr'>intention-e,</span> <span class='ocrx_word' id='word_1_383' title='bbox 1264 769 1351 815; x_wconf 87' lang='lat' dir='ltr'>quia</span> <span class='ocrx_word' id='word_1_384' title='bbox 1373 769 1619 805; x_wconf 86' lang='lat' dir='ltr'>intendebant</span> <span class='ocrx_word' id='word_1_385' title='bbox 1637 772 1798 805; x_wconf 89' lang='lat' dir='ltr'>mortem</span> 
     </span>
     <span class='ocr_line' id='line_1_69' title="bbox 1024 824 1473 863; baseline 0 -11"><span class='ocrx_word' id='word_1_386' title='bbox 1024 824 1233 852; x_wconf 75' lang='lat' dir='ltr'>innocentis</span> <span class='ocrx_word' id='word_1_387' title='bbox 1257 827 1473 863; x_wconf 85' lang='lat' dir='ltr'>procurare.</span> 
     </span>
    </p>

    <p class='ocr_par' dir='ltr' id='par_1_4' title="bbox 1025 865 1852 2800">
     <span class='ocr_line' id='line_1_70' title="bbox 1071 865 1799 900; baseline 0 0"><span class='ocrx_word' id='word_1_388' title='bbox 1071 867 1090 900; x_wconf 90' lang='lat'>5</span> <span class='ocrx_word' id='word_1_389' title='bbox 1111 865 1199 900; x_wconf 73' lang='lat' dir='ltr'>TmA</span> <span class='ocrx_word' id='word_1_390' title='bbox 1215 875 1424 900; x_wconf 79' lang='lat' dir='ltr'><strong>DOCUMENTA</strong></span> <span class='ocrx_word' id='word_1_391' title='bbox 1440 875 1484 899; x_wconf 84' lang='lat' dir='ltr'>DE</span> <span class='ocrx_word' id='word_1_392' title='bbox 1505 875 1614 900; x_wconf 74' lang='lat' dir='ltr'>FALso</span> <span class='ocrx_word' id='word_1_393' title='bbox 1633 875 1799 900; x_wconf 66' lang='grc' dir='ltr'>15511Μο-</span> 
     </span>
     <span class='ocr_line' id='line_1_71' title="bbox 1025 922 1798 952; baseline 0 -6"><span class='ocrx_word' id='word_1_394' title='bbox 1025 922 1099 952; x_wconf 73' lang='lat' dir='ltr'>mo,</span> <span class='ocrx_word' id='word_1_395' title='bbox 1118 922 1225 947; x_wconf 84' lang='lat' dir='ltr'>ACTUS</span> <span class='ocrx_word' id='word_1_396' title='bbox 1261 922 1566 946; x_wconf 80' lang='lat' dir='ltr'>CONFORMATIONIS</span> <span class='ocrx_word' id='word_1_397' title='bbox 1592 923 1634 946; x_wconf 87' lang='grc' dir='ltr'>ΕΤ</span> <span class='ocrx_word' id='word_1_398' title='bbox 1655 922 1798 947; x_wconf 84' lang='lat' dir='ltr'>ORATIO.</span> 
     </span>
     <span class='ocr_line' id='line_1_72' title="bbox 1027 957 1802 1002; baseline 0 -8"><span class='ocrx_word' id='word_1_399' title='bbox 1027 978 1070 984; x_wconf 91' lang='lat'>—</span> <span class='ocrx_word' id='word_1_400' title='bbox 1088 960 1136 994; x_wconf 82' lang='lat' dir='ltr'>Ex</span> <span class='ocrx_word' id='word_1_401' title='bbox 1156 959 1227 994; x_wconf 87' lang='lat' dir='ltr'>hoc</span> <span class='ocrx_word' id='word_1_402' title='bbox 1248 957 1573 1002; x_wconf 78' lang='lat' dir='ltr'>articulo,scilicet</span> <span class='ocrx_word' id='word_1_403' title='bbox 1596 958 1641 994; x_wconf 92' lang='lat' dir='ltr'>de</span> <span class='ocrx_word' id='word_1_404' title='bbox 1662 958 1802 994; x_wconf 88' lang='lat' dir='ltr'>latione</span> 
     </span>
     <span class='ocr_line' id='line_1_73' title="bbox 1027 1004 1802 1048; baseline 0.001 -7"><span class='ocrx_word' id='word_1_405' title='bbox 1027 1005 1106 1041; x_wconf 82' lang='lat' dir='ltr'>salsi</span> <span class='ocrx_word' id='word_1_406' title='bbox 1127 1005 1347 1048; x_wconf 84' lang='lat' dir='ltr'>testimonii,</span> <span class='ocrx_word' id='word_1_407' title='bbox 1370 1008 1569 1041; x_wconf 84' lang='lat' dir='ltr'>sumuntur</span> <span class='ocrx_word' id='word_1_408' title='bbox 1586 1004 1659 1042; x_wconf 87' lang='lat' dir='ltr'>tria</span> <span class='ocrx_word' id='word_1_409' title='bbox 1679 1006 1802 1042; x_wconf 86' lang='lat' dir='ltr'>docu-</span> 
     </span>
     <span class='ocr_line' id='line_1_74' title="bbox 1029 1052 1829 1098; baseline 0 -10"><span class='ocrx_word' id='word_1_410' title='bbox 1029 1055 1168 1088; x_wconf 88' lang='lat' dir='ltr'>menta.</span> <span class='ocrx_word' id='word_1_411' title='bbox 1188 1052 1352 1088; x_wconf 85' lang='lat' dir='ltr'>Primum</span> <span class='ocrx_word' id='word_1_412' title='bbox 1377 1056 1442 1096; x_wconf 86' lang='lat' dir='ltr'>est,</span> <span class='ocrx_word' id='word_1_413' title='bbox 1461 1052 1560 1098; x_wconf 91' lang='lat' dir='ltr'>quod</span> <span class='ocrx_word' id='word_1_414' title='bbox 1580 1063 1648 1089; x_wconf 90' lang='lat' dir='ltr'>nos</span> <span class='ocrx_word' id='word_1_415' title='bbox 1667 1052 1802 1089; x_wconf 81' lang='lat' dir='ltr'>salsum</span> <span class='ocrx_word' id='word_1_416' title='bbox 1827 1068 1829 1070; x_wconf 96' lang='lat'>·</span> 
     </span>
     <span class='ocr_line' id='line_1_75' title="bbox 1029 1100 1804 1144; baseline 0 -8"><span class='ocrx_word' id='word_1_417' title='bbox 1029 1100 1299 1144; x_wconf 85' lang='lat' dir='ltr'>testimonium,</span> <span class='ocrx_word' id='word_1_418' title='bbox 1325 1102 1396 1135; x_wconf 91' lang='lat' dir='ltr'>imo</span> <span class='ocrx_word' id='word_1_419' title='bbox 1424 1110 1574 1136; x_wconf 92' lang='lat' dir='ltr'>omnem</span> <span class='ocrx_word' id='word_1_420' title='bbox 1603 1100 1804 1136; x_wconf 84' lang='lat' dir='ltr'>falsitatem</span> 
     </span>
     <span class='ocr_line' id='line_1_76' title="bbox 1029 1146 1833 1192; baseline -0.001 -8"><span class='ocrx_word' id='word_1_421' title='bbox 1029 1151 1067 1184; x_wconf 90' lang='lat' dir='ltr'>et</span> <span class='ocrx_word' id='word_1_422' title='bbox 1105 1146 1343 1184; x_wconf 71' lang='lat' dir='ltr'>mendacium</span> <span class='ocrx_word' id='word_1_423' title='bbox 1381 1157 1525 1183; x_wconf 89' lang='lat' dir='ltr'>summe</span> <span class='ocrx_word' id='word_1_424' title='bbox 1560 1147 1803 1192; x_wconf 79' lang='lat' dir='ltr'>detestemur,</span> <span class='ocrx_word' id='word_1_425' title='bbox 1831 1180 1833 1182; x_wconf 86' lang='lat'><em>.</em></span> 
     </span>
     <span class='ocr_line' id='line_1_77' title="bbox 1031 1194 1804 1241; baseline 0 -11"><span class='ocrx_word' id='word_1_426' title='bbox 1031 1196 1116 1241; x_wconf 88' lang='lat' dir='ltr'>quia</span> <span class='ocrx_word' id='word_1_427' title='bbox 1151 1194 1356 1230; x_wconf 88' lang='lat' dir='ltr'>mendaciis</span> <span class='ocrx_word' id='word_1_428' title='bbox 1383 1197 1419 1230; x_wconf 90' lang='lat' dir='ltr'>et</span> <span class='ocrx_word' id='word_1_429' title='bbox 1454 1194 1608 1231; x_wconf 85' lang='lat' dir='ltr'>fallaciis</span> <span class='ocrx_word' id='word_1_430' title='bbox 1637 1194 1804 1232; x_wconf 86' lang='lat' dir='ltr'>Christus</span> 
     </span>
     <span class='ocr_line' id='line_1_78' title="bbox 1032 1242 1829 1289; baseline 0.001 -12"><span class='ocrx_word' id='word_1_431' title='bbox 1032 1242 1142 1278; x_wconf 91' lang='lat' dir='ltr'>morti</span> <span class='ocrx_word' id='word_1_432' title='bbox 1185 1245 1241 1278; x_wconf 88' lang='lat' dir='ltr'>est</span> <span class='ocrx_word' id='word_1_433' title='bbox 1266 1242 1451 1284; x_wconf 77' lang='lat' dir='ltr'>adflictus,</span> <span class='ocrx_word' id='word_1_434' title='bbox 1480 1246 1516 1277; x_wconf 91' lang='lat' dir='ltr'>et</span> <span class='ocrx_word' id='word_1_435' title='bbox 1547 1252 1615 1278; x_wconf 91' lang='lat' dir='ltr'>nos</span> <span class='ocrx_word' id='word_1_436' title='bbox 1645 1242 1829 1289; x_wconf 58' lang='lat' dir='ltr'>quoties-,-</span> 
     </span>
     <span class='ocr_line' id='line_1_79' title="bbox 1033 1288 1830 1335; baseline 0.001 -10"><span class='ocrx_word' id='word_1_437' title='bbox 1033 1300 1190 1335; x_wconf 83' lang='lat' dir='ltr'>cumque</span> <span class='ocrx_word' id='word_1_438' title='bbox 1211 1289 1342 1325; x_wconf 88' lang='lat' dir='ltr'>falsum</span> <span class='ocrx_word' id='word_1_439' title='bbox 1363 1288 1621 1325; x_wconf 88' lang='lat' dir='ltr'>testimonium</span> <span class='ocrx_word' id='word_1_440' title='bbox 1641 1294 1677 1326; x_wconf 88' lang='lat' dir='ltr'>et</span> <span class='ocrx_word' id='word_1_441' title='bbox 1699 1299 1804 1326; x_wconf 88' lang='lat' dir='ltr'>men·</span> <span class='ocrx_word' id='word_1_442' title='bbox 1826 1290 1830 1310; x_wconf 70' lang='lat'><em>³</em></span> 
     </span>
     <span class='ocr_line' id='line_1_80' title="bbox 1032 1336 1803 1384; baseline 0 -12"><span class='ocrx_word' id='word_1_443' title='bbox 1032 1336 1179 1373; x_wconf 84' lang='lat' dir='ltr'>dacium</span> <span class='ocrx_word' id='word_1_444' title='bbox 1195 1340 1325 1372; x_wconf 86' lang='lat' dir='ltr'>contra</span> <span class='ocrx_word' id='word_1_445' title='bbox 1338 1336 1549 1382; x_wconf 86' lang='lat' dir='ltr'>proximum</span> <span class='ocrx_word' id='word_1_446' title='bbox 1562 1336 1701 1384; x_wconf 78' lang='lat' dir='ltr'>proteri</span> <span class='ocrx_word' id='word_1_447' title='bbox 1709 1345 1803 1381; x_wconf 87' lang='lat' dir='ltr'>mus,</span> 
     </span>
     <span class='ocr_line' id='line_1_81' title="bbox 1032 1383 1833 1430; baseline 0.001 -9"><span class='ocrx_word' id='word_1_448' title='bbox 1032 1383 1219 1421; x_wconf 87' lang='lat' dir='ltr'>Christum</span> <span class='ocrx_word' id='word_1_449' title='bbox 1237 1411 1246 1427; x_wconf 77' lang='grc'>,</span> <span class='ocrx_word' id='word_1_450' title='bbox 1285 1387 1467 1429; x_wconf 87' lang='lat' dir='ltr'>quantum</span> <span class='ocrx_word' id='word_1_451' title='bbox 1501 1383 1540 1419; x_wconf 93' lang='lat' dir='ltr'>in</span> <span class='ocrx_word' id='word_1_452' title='bbox 1578 1383 1806 1430; x_wconf 62' lang='lat' dir='ltr'>n12.bis.,est‚</span> <span class='ocrx_word' id='word_1_453' title='bbox 1826 1384 1833 1427; x_wconf 95' lang='lat'>3</span> 
     </span>
     <span class='ocr_line' id='line_1_82' title="bbox 1034 1430 1804 1478; baseline 0.001 -11"><span class='ocrx_word' id='word_1_454' title='bbox 1034 1430 1142 1467; x_wconf 89' lang='lat' dir='ltr'>morti</span> <span class='ocrx_word' id='word_1_455' title='bbox 1171 1430 1394 1467; x_wconf 83' lang='lat' dir='ltr'>addicimus.</span> <span class='ocrx_word' id='word_1_456' title='bbox 1426 1431 1530 1467; x_wconf 60' lang='lat' dir='ltr'>Unde</span> <span class='ocrx_word' id='word_1_457' title='bbox 1560 1442 1672 1478; x_wconf 87' lang='lat' dir='ltr'>quam</span> <span class='ocrx_word' id='word_1_458' title='bbox 1693 1432 1804 1468; x_wconf 87' lang='lat' dir='ltr'>dete—</span> 
     </span>
     <span class='ocr_line' id='line_1_83' title="bbox 1033 1477 1804 1523; baseline 0 -8"><span class='ocrx_word' id='word_1_459' title='bbox 1033 1478 1167 1515; x_wconf 81' lang='lat' dir='ltr'>stabile</span> <span class='ocrx_word' id='word_1_460' title='bbox 1188 1477 1236 1514; x_wconf 87' lang='lat' dir='ltr'>sit</span> <span class='ocrx_word' id='word_1_461' title='bbox 1258 1478 1358 1514; x_wconf 90' lang='lat' dir='ltr'>istud</span> <span class='ocrx_word' id='word_1_462' title='bbox 1382 1477 1536 1523; x_wconf 89' lang='lat' dir='ltr'>crimen,</span> <span class='ocrx_word' id='word_1_463' title='bbox 1557 1479 1721 1516; x_wconf 86' lang='lat' dir='ltr'>ostendit</span> <span class='ocrx_word' id='word_1_464' title='bbox 1736 1480 1804 1515; x_wconf 88' lang='lat' dir='ltr'>Isi-</span> 
     </span>
     <span class='ocr_line' id='line_1_84' title="bbox 1033 1525 1805 1567; baseline 0.001 -6"><span class='ocrx_word' id='word_1_465' title='bbox 1033 1527 1155 1567; x_wconf 76' lang='lat' dir='ltr'>dorus,</span> <span class='ocrx_word' id='word_1_466' title='bbox 1182 1525 1234 1561; x_wconf 85' lang='lat' dir='ltr'>sic</span> <span class='ocrx_word' id='word_1_467' title='bbox 1254 1525 1381 1561; x_wconf 89' lang='lat' dir='ltr'>dicens</span> <span class='ocrx_word' id='word_1_468' title='bbox 1403 1536 1410 1560; x_wconf 90' lang='lat'>:</span> <span class='ocrx_word' id='word_1_469' title='bbox 1434 1538 1451 1559; x_wconf 86' lang='lat'>«</span> <span class='ocrx_word' id='word_1_470' title='bbox 1475 1526 1594 1562; x_wconf 87' lang='lat' dir='ltr'>Testis</span> <span class='ocrx_word' id='word_1_471' title='bbox 1614 1525 1805 1563; x_wconf 85' lang='lat' dir='ltr'>falsidicus</span> 
     </span>
     <span class='ocr_line' id='line_1_85' title="bbox 1032 1572 1806 1620; baseline 0.001 -11"><span class='ocrx_word' id='word_1_472' title='bbox 1032 1573 1154 1609; x_wconf 88' lang='lat' dir='ltr'>tribus</span> <span class='ocrx_word' id='word_1_473' title='bbox 1167 1572 1338 1619; x_wconf 85' lang='lat' dir='ltr'>personis</span> <span class='ocrx_word' id='word_1_474' title='bbox 1352 1575 1409 1608; x_wconf 92' lang='lat' dir='ltr'>est</span> <span class='ocrx_word' id='word_1_475' title='bbox 1420 1573 1601 1610; x_wconf 88' lang='lat' dir='ltr'>obnoxius</span> <span class='ocrx_word' id='word_1_476' title='bbox 1616 1585 1623 1610; x_wconf 91' lang='lat'>:</span> <span class='ocrx_word' id='word_1_477' title='bbox 1643 1573 1806 1620; x_wconf 91' lang='lat' dir='ltr'>primum</span> 
     </span>
     <span class='ocr_line' id='line_1_86' title="bbox 1034 1620 1804 1666; baseline 0 -9"><span class='ocrx_word' id='word_1_478' title='bbox 1034 1622 1123 1665; x_wconf 83' lang='lat' dir='ltr'>Deo,</span> <span class='ocrx_word' id='word_1_479' title='bbox 1161 1630 1272 1666; x_wconf 82' lang='lat' dir='ltr'>quem</span> <span class='ocrx_word' id='word_1_480' title='bbox 1314 1620 1540 1666; x_wconf 84' lang='lat' dir='ltr'>perjurando</span> <span class='ocrx_word' id='word_1_481' title='bbox 1573 1620 1804 1665; x_wconf 89' lang='lat' dir='ltr'>contemnit;</span> 
     </span>
     <span class='ocr_line' id='line_1_87' title="bbox 1034 1667 1806 1714; baseline 0.001 -11"><span class='ocrx_word' id='word_1_482' title='bbox 1034 1671 1308 1713; x_wconf 89' lang='lat' dir='ltr'>consequenter</span> <span class='ocrx_word' id='word_1_483' title='bbox 1318 1667 1450 1713; x_wconf 89' lang='lat' dir='ltr'>judici,</span> <span class='ocrx_word' id='word_1_484' title='bbox 1464 1678 1574 1714; x_wconf 89' lang='lat' dir='ltr'>quem</span> <span class='ocrx_word' id='word_1_485' title='bbox 1590 1668 1806 1704; x_wconf 89' lang='lat' dir='ltr'>mentiendo</span> 
     </span>
     <span class='ocr_line' id='line_1_88' title="bbox 1034 1714 1808 1761; baseline 0.003 -11"><span class='ocrx_word' id='word_1_486' title='bbox 1034 1715 1150 1759; x_wconf 85' lang='lat' dir='ltr'>fallit;</span> <span class='ocrx_word' id='word_1_487' title='bbox 1182 1718 1413 1761; x_wconf 79' lang='lat' dir='ltr'>postremum</span> <span class='ocrx_word' id='word_1_488' title='bbox 1450 1714 1659 1760; x_wconf 90' lang='lat' dir='ltr'>innocenti,</span> <span class='ocrx_word' id='word_1_489' title='bbox 1695 1725 1808 1761; x_wconf 88' lang='lat' dir='ltr'>quem</span> 
     </span>
     <span class='ocr_line' id='line_1_89' title="bbox 1035 1761 1809 1800; baseline 0 -2"><span class='ocrx_word' id='word_1_490' title='bbox 1035 1763 1127 1798; x_wconf 87' lang='lat' dir='ltr'>falso</span> <span class='ocrx_word' id='word_1_491' title='bbox 1161 1762 1379 1798; x_wconf 80' lang='lat' dir='ltr'>testimonio</span> <span class='ocrx_word' id='word_1_492' title='bbox 1409 1761 1523 1798; x_wconf 85' lang='lat' dir='ltr'>laedit.</span> <span class='ocrx_word' id='word_1_493' title='bbox 1551 1775 1569 1797; x_wconf 86' lang='lat'>))</span> <span class='ocrx_word' id='word_1_494' title='bbox 1592 1784 1637 1788; x_wconf 98' lang='lat'><strong>—</strong></span> <span class='ocrx_word' id='word_1_495' title='bbox 1660 1763 1809 1800; x_wconf 90' lang='lat' dir='ltr'>Secun-</span> 
     </span>
     <span class='ocr_line' id='line_1_90' title="bbox 1035 1809 1810 1855; baseline 0 -9"><span class='ocrx_word' id='word_1_496' title='bbox 1035 1810 1123 1846; x_wconf 91' lang='lat' dir='ltr'>dum</span> <span class='ocrx_word' id='word_1_497' title='bbox 1140 1812 1209 1853; x_wconf 88' lang='lat' dir='ltr'>est,</span> <span class='ocrx_word' id='word_1_498' title='bbox 1230 1809 1328 1855; x_wconf 89' lang='lat' dir='ltr'>quod</span> <span class='ocrx_word' id='word_1_499' title='bbox 1346 1819 1415 1845; x_wconf 88' lang='lat' dir='ltr'>nos</span> <span class='ocrx_word' id='word_1_500' title='bbox 1431 1809 1618 1846; x_wconf 88' lang='lat' dir='ltr'>discamus</span> <span class='ocrx_word' id='word_1_501' title='bbox 1636 1809 1810 1846; x_wconf 89' lang='lat' dir='ltr'>incrimi-</span> 
     </span>
     <span class='ocr_line' id='line_1_91' title="bbox 1035 1856 1810 1903; baseline 0.001 -11"><span class='ocrx_word' id='word_1_502' title='bbox 1035 1856 1221 1901; x_wconf 85' lang='lat' dir='ltr'>nationes‚</span> <span class='ocrx_word' id='word_1_503' title='bbox 1246 1857 1277 1892; x_wconf 89' lang='lat' dir='ltr'>si</span> <span class='ocrx_word' id='word_1_504' title='bbox 1303 1856 1410 1892; x_wconf 88' lang='lat' dir='ltr'>nobis</span> <span class='ocrx_word' id='word_1_505' title='bbox 1436 1856 1660 1903; x_wconf 81' lang='lat' dir='ltr'>inferantur,</span> <span class='ocrx_word' id='word_1_506' title='bbox 1681 1867 1810 1894; x_wconf 86' lang='lat' dir='ltr'>amore</span> 
     </span>
     <span class='ocr_line' id='line_1_92' title="bbox 1035 1903 1810 1950; baseline 0 -9"><span class='ocrx_word' id='word_1_507' title='bbox 1035 1903 1100 1941; x_wconf 90' lang='lat' dir='ltr'>Dei</span> <span class='ocrx_word' id='word_1_508' title='bbox 1129 1903 1316 1950; x_wconf 87' lang='lat' dir='ltr'>patienter</span> <span class='ocrx_word' id='word_1_509' title='bbox 1348 1903 1547 1949; x_wconf 85' lang='lat' dir='ltr'>sustinere,</span> <span class='ocrx_word' id='word_1_510' title='bbox 1567 1904 1664 1941; x_wconf 85' lang='lat' dir='ltr'>sicut</span> <span class='ocrx_word' id='word_1_511' title='bbox 1695 1904 1810 1941; x_wconf 90' lang='lat' dir='ltr'>Chri-</span> 
     </span>
     <span class='ocr_line' id='line_1_93' title="bbox 1036 1950 1810 1997; baseline 0.001 -10"><span class='ocrx_word' id='word_1_512' title='bbox 1036 1955 1114 1987; x_wconf 81' lang='lat' dir='ltr'>stus</span> <span class='ocrx_word' id='word_1_513' title='bbox 1131 1961 1199 1997; x_wconf 85' lang='lat' dir='ltr'>pro</span> <span class='ocrx_word' id='word_1_514' title='bbox 1223 1950 1329 1987; x_wconf 88' lang='lat' dir='ltr'>nobis</span> <span class='ocrx_word' id='word_1_515' title='bbox 1348 1951 1395 1987; x_wconf 89' lang='lat' dir='ltr'>ad</span> <span class='ocrx_word' id='word_1_516' title='bbox 1416 1962 1548 1988; x_wconf 90' lang='lat' dir='ltr'>omnes</span> <span class='ocrx_word' id='word_1_517' title='bbox 1565 1952 1676 1988; x_wconf 86' lang='lat' dir='ltr'>salsas</span> <span class='ocrx_word' id='word_1_518' title='bbox 1699 1951 1810 1988; x_wconf 91' lang='lat' dir='ltr'>incri-</span> 
     </span>
     <span class='ocr_line' id='line_1_94' title="bbox 1035 1997 1808 2046; baseline 0 -11"><span class='ocrx_word' id='word_1_519' title='bbox 1035 1998 1261 2035; x_wconf 89' lang='lat' dir='ltr'>minationes</span> <span class='ocrx_word' id='word_1_520' title='bbox 1284 1997 1505 2045; x_wconf 85' lang='lat' dir='ltr'>simpliciter</span> <span class='ocrx_word' id='word_1_521' title='bbox 1528 1998 1644 2036; x_wconf 89' lang='lat' dir='ltr'>tacuit</span> <span class='ocrx_word' id='word_1_522' title='bbox 1671 2010 1680 2036; x_wconf 90' lang='lat'><strong>:</strong></span> <span class='ocrx_word' id='word_1_523' title='bbox 1706 1998 1808 2046; x_wconf 88' lang='lat' dir='ltr'>quia,</span> 
     </span>
     <span class='ocr_line' id='line_1_95' title="bbox 1035 2045 1810 2093; baseline 0 -11"><span class='ocrx_word' id='word_1_524' title='bbox 1035 2045 1240 2082; x_wconf 87' lang='lat' dir='ltr'>secundum</span> <span class='ocrx_word' id='word_1_525' title='bbox 1264 2046 1525 2091; x_wconf 57' lang='lat' dir='ltr'>Amanium,</span> <span class='ocrx_word' id='word_1_526' title='bbox 1547 2049 1676 2093; x_wconf 87' lang='lat' dir='ltr'>aperta</span> <span class='ocrx_word' id='word_1_527' title='bbox 1701 2057 1810 2083; x_wconf 91' lang='lat' dir='ltr'>men-</span> 
     </span>
     <span class='ocr_line' id='line_1_96' title="bbox 1036 2093 1808 2140; baseline 0.003 -12"><span class='ocrx_word' id='word_1_528' title='bbox 1036 2093 1142 2129; x_wconf 81' lang='lat' dir='ltr'>dacia</span> <span class='ocrx_word' id='word_1_529' title='bbox 1164 2103 1238 2128; x_wconf 91' lang='lat' dir='ltr'>non</span> <span class='ocrx_word' id='word_1_530' title='bbox 1255 2097 1342 2129; x_wconf 89' lang='lat' dir='ltr'>sunt</span> <span class='ocrx_word' id='word_1_531' title='bbox 1363 2093 1606 2140; x_wconf 87' lang='lat' dir='ltr'>responsione</span> <span class='ocrx_word' id='word_1_532' title='bbox 1624 2093 1750 2140; x_wconf 85' lang='lat' dir='ltr'>digna.</span> <span class='ocrx_word' id='word_1_533' title='bbox 1766 2115 1808 2120; x_wconf 85' lang='lat'>-—</span> 
     </span>
     <span class='ocr_line' id='line_1_97' title="bbox 1035 2140 1807 2183; baseline 0.004 -8"><span class='ocrx_word' id='word_1_534' title='bbox 1035 2140 1199 2176; x_wconf 89' lang='lat' dir='ltr'>Tertium</span> <span class='ocrx_word' id='word_1_535' title='bbox 1222 2143 1289 2183; x_wconf 87' lang='lat' dir='ltr'>est,</span> <span class='ocrx_word' id='word_1_536' title='bbox 1312 2143 1352 2176; x_wconf 88' lang='lat' dir='ltr'>ut</span> <span class='ocrx_word' id='word_1_537' title='bbox 1372 2151 1442 2176; x_wconf 90' lang='lat' dir='ltr'>nos</span> <span class='ocrx_word' id='word_1_538' title='bbox 1463 2141 1628 2178; x_wconf 75' lang='lat' dir='ltr'>fallacias</span> <span class='ocrx_word' id='word_1_539' title='bbox 1648 2141 1807 2178; x_wconf 85' lang='lat' dir='ltr'>studea-</span> 
     </span>
     <span class='ocr_line' id='line_1_98' title="bbox 1035 2190 1809 2235; baseline 0.001 -12"><span class='ocrx_word' id='word_1_540' title='bbox 1035 2198 1132 2228; x_wconf 80' lang='lat' dir='ltr'>mus.</span> <span class='ocrx_word' id='word_1_541' title='bbox 1155 2190 1335 2233; x_wconf 87' lang='lat' dir='ltr'>quantum</span> <span class='ocrx_word' id='word_1_542' title='bbox 1375 2198 1459 2224; x_wconf 88' lang='lat' dir='ltr'>cum</span> <span class='ocrx_word' id='word_1_543' title='bbox 1492 2190 1568 2225; x_wconf 92' lang='lat' dir='ltr'>Deo</span> <span class='ocrx_word' id='word_1_544' title='bbox 1595 2198 1809 2235; x_wconf 88' lang='lat' dir='ltr'>possumus,</span> 
     </span>
     <span class='ocr_line' id='line_1_99' title="bbox 1035 2234 1814 2279; baseline -0.001 -7"><span class='ocrx_word' id='word_1_545' title='bbox 1035 2234 1243 2279; x_wconf 80' lang='lat' dir='ltr'>declinare3</span> <span class='ocrx_word' id='word_1_546' title='bbox 1267 2235 1314 2271; x_wconf 86' lang='lat' dir='ltr'>ad</span> <span class='ocrx_word' id='word_1_547' title='bbox 1336 2235 1407 2271; x_wconf 85' lang='lat' dir='ltr'>hoc</span> <span class='ocrx_word' id='word_1_548' title='bbox 1427 2235 1528 2272; x_wconf 88' lang='lat' dir='ltr'>enim</span> <span class='ocrx_word' id='word_1_549' title='bbox 1548 2235 1728 2272; x_wconf 87' lang='lat' dir='ltr'>Dominus</span> <span class='ocrx_word' id='word_1_550' title='bbox 1747 2235 1814 2273; x_wconf 88' lang='lat' dir='ltr'>fal-</span> 
     </span>
     <span class='ocr_line' id='line_1_100' title="bbox 1035 2281 1816 2327; baseline 0.003 -9"><span class='ocrx_word' id='word_1_551' title='bbox 1035 2293 1095 2318; x_wconf 87' lang='lat' dir='ltr'>sos</span> <span class='ocrx_word' id='word_1_552' title='bbox 1129 2285 1244 2318; x_wconf 87' lang='lat' dir='ltr'>testes</span> <span class='ocrx_word' id='word_1_553' title='bbox 1286 2281 1474 2327; x_wconf 86' lang='lat' dir='ltr'>sustinuit,</span> <span class='ocrx_word' id='word_1_554' title='bbox 1509 2286 1549 2319; x_wconf 88' lang='lat' dir='ltr'>ut</span> <span class='ocrx_word' id='word_1_555' title='bbox 1582 2293 1652 2319; x_wconf 87' lang='lat' dir='ltr'>nos</span> <span class='ocrx_word' id='word_1_556' title='bbox 1683 2283 1731 2319; x_wconf 87' lang='lat' dir='ltr'>ab</span> <span class='ocrx_word' id='word_1_557' title='bbox 1761 2283 1816 2319; x_wconf 85' lang='lat' dir='ltr'>eis</span> 
     </span>
     <span class='ocr_line' id='line_1_101' title="bbox 1035 2328 1816 2376; baseline 0 -10"><span class='ocrx_word' id='word_1_558' title='bbox 1035 2329 1212 2376; x_wconf 82' lang='lat' dir='ltr'>eriperet,</span> <span class='ocrx_word' id='word_1_559' title='bbox 1234 2328 1330 2365; x_wconf 89' lang='lat' dir='ltr'>sicut</span> <span class='ocrx_word' id='word_1_560' title='bbox 1362 2329 1475 2365; x_wconf 87' lang='lat' dir='ltr'>etiam</span> <span class='ocrx_word' id='word_1_561' title='bbox 1506 2334 1666 2366; x_wconf 90' lang='lat' dir='ltr'>mortem</span> <span class='ocrx_word' id='word_1_562' title='bbox 1693 2329 1816 2367; x_wconf 85' lang='lat' dir='ltr'>susti-</span> 
     </span>
     <span class='ocr_line' id='line_1_102' title="bbox 1035 2377 1817 2419; baseline 0.001 -6"><span class='ocrx_word' id='word_1_563' title='bbox 1035 2377 1129 2419; x_wconf 74' lang='lat' dir='ltr'>nuit,</span> <span class='ocrx_word' id='word_1_564' title='bbox 1150 2380 1192 2413; x_wconf 89' lang='lat' dir='ltr'>ut</span> <span class='ocrx_word' id='word_1_565' title='bbox 1210 2387 1279 2413; x_wconf 91' lang='lat' dir='ltr'>nos</span> <span class='ocrx_word' id='word_1_566' title='bbox 1303 2386 1325 2412; x_wconf 93' lang='lat' dir='ltr'>a</span> <span class='ocrx_word' id='word_1_567' title='bbox 1341 2379 1462 2413; x_wconf 88' lang='lat' dir='ltr'>morte</span> <span class='ocrx_word' id='word_1_568' title='bbox 1484 2377 1675 2414; x_wconf 86' lang='lat' dir='ltr'>liberaret.</span> <span class='ocrx_word' id='word_1_569' title='bbox 1698 2397 1742 2404; x_wconf 88' lang='lat'><em>-</em></span> <span class='ocrx_word' id='word_1_570' title='bbox 1761 2377 1817 2414; x_wconf 86' lang='lat' dir='ltr'>Ad</span> 
     </span>
     <span class='ocr_line' id='line_1_103' title="bbox 1035 2422 1816 2471; baseline 0.001 -11"><span class='ocrx_word' id='word_1_571' title='bbox 1035 2424 1346 2460; x_wconf 81' lang='lat' dir='ltr'>conformandum</span> <span class='ocrx_word' id='word_1_572' title='bbox 1360 2434 1398 2460; x_wconf 88' lang='lat' dir='ltr'>se</span> <span class='ocrx_word' id='word_1_573' title='bbox 1414 2422 1473 2460; x_wconf 83' lang='lat' dir='ltr'>isti</span> <span class='ocrx_word' id='word_1_574' title='bbox 1489 2424 1663 2469; x_wconf 86' lang='lat' dir='ltr'>articulo,</span> <span class='ocrx_word' id='word_1_575' title='bbox 1675 2424 1816 2471; x_wconf 87' lang='lat' dir='ltr'>gratias</span> 
     </span>
     <span class='ocr_line' id='line_1_104' title="bbox 1035 2470 1815 2518; baseline 0.003 -12"><span class='ocrx_word' id='word_1_576' title='bbox 1035 2472 1147 2507; x_wconf 83' lang='lat' dir='ltr'>homo</span> <span class='ocrx_word' id='word_1_577' title='bbox 1186 2471 1326 2507; x_wconf 79' lang='lat' dir='ltr'>referat</span> <span class='ocrx_word' id='word_1_578' title='bbox 1362 2470 1522 2515; x_wconf 87' lang='lat' dir='ltr'>Christo,</span> <span class='ocrx_word' id='word_1_579' title='bbox 1563 2472 1664 2518; x_wconf 84' lang='lat' dir='ltr'>quod</span> <span class='ocrx_word' id='word_1_580' title='bbox 1701 2471 1815 2508; x_wconf 84' lang='lat' dir='ltr'>falsos</span> 
     </span>
     <span class='ocr_line' id='line_1_105' title="bbox 1034 2519 1852 2562; baseline 0 -8"><span class='ocrx_word' id='word_1_581' title='bbox 1034 2522 1150 2554; x_wconf 80' lang='lat' dir='ltr'>testes</span> <span class='ocrx_word' id='word_1_582' title='bbox 1171 2521 1302 2554; x_wconf 87' lang='lat' dir='ltr'>contra</span> <span class='ocrx_word' id='word_1_583' title='bbox 1321 2528 1361 2554; x_wconf 87' lang='lat' dir='ltr'>se</span> <span class='ocrx_word' id='word_1_584' title='bbox 1385 2519 1549 2561; x_wconf 89' lang='lat' dir='ltr'>admisit,</span> <span class='ocrx_word' id='word_1_585' title='bbox 1569 2523 1610 2555; x_wconf 90' lang='lat' dir='ltr'>ut</span> <span class='ocrx_word' id='word_1_586' title='bbox 1630 2528 1697 2554; x_wconf 91' lang='lat' dir='ltr'>nos</span> <span class='ocrx_word' id='word_1_587' title='bbox 1718 2519 1814 2555; x_wconf 83' lang='lat' dir='ltr'>veri·</span> <span class='ocrx_word' id='word_1_588' title='bbox 1848 2558 1852 2562; x_wconf 51' lang='grc'><strong>,</strong></span> 
     </span>
     <span class='ocr_line' id='line_1_106' title="bbox 1035 2564 1849 2612; baseline 0.002 -11"><span class='ocrx_word' id='word_1_589' title='bbox 1035 2569 1111 2601; x_wconf 90' lang='lat' dir='ltr'>tate</span> <span class='ocrx_word' id='word_1_590' title='bbox 1132 2565 1293 2610; x_wconf 86' lang='lat' dir='ltr'>fulciret,</span> <span class='ocrx_word' id='word_1_591' title='bbox 1313 2568 1350 2601; x_wconf 92' lang='lat' dir='ltr'>et</span> <span class='ocrx_word' id='word_1_592' title='bbox 1376 2565 1429 2601; x_wconf 88' lang='lat' dir='ltr'>sic</span> <span class='ocrx_word' id='word_1_593' title='bbox 1450 2569 1531 2603; x_wconf 88' lang='lat' dir='ltr'>oret</span> <span class='ocrx_word' id='word_1_594' title='bbox 1551 2577 1560 2603; x_wconf 69' lang='grc' dir='ltr'>ε</span> <span class='ocrx_word' id='word_1_595' title='bbox 1578 2567 1677 2610; x_wconf 83' lang='lat' dir='ltr'>Jesu,</span> <span class='ocrx_word' id='word_1_596' title='bbox 1697 2567 1763 2612; x_wconf 83' lang='lat' dir='ltr'>qui</span> <span class='ocrx_word' id='word_1_597' title='bbox 1788 2577 1811 2603; x_wconf 87' lang='lat' dir='ltr'>a</span> <span class='ocrx_word' id='word_1_598' title='bbox 1844 2564 1849 2568; x_wconf 90' lang='grc'><strong>’</strong></span> 
     </span>
     <span class='ocr_line' id='line_1_107' title="bbox 1034 2613 1812 2655; baseline 0.001 -8"><span class='ocrx_word' id='word_1_599' title='bbox 1034 2613 1169 2648; x_wconf 75' lang='lat' dir='ltr'>Jndaeis</span> <span class='ocrx_word' id='word_1_600' title='bbox 1187 2613 1297 2655; x_wconf 77' lang='lat' dir='ltr'>falsis</span> <span class='ocrx_word' id='word_1_601' title='bbox 1320 2614 1538 2650; x_wconf 82' lang='lat' dir='ltr'>testimoniis</span> <span class='ocrx_word' id='word_1_602' title='bbox 1557 2615 1725 2649; x_wconf 77' lang='lat' dir='ltr'>accusari</span> <span class='ocrx_word' id='word_1_603' title='bbox 1740 2623 1812 2649; x_wconf 86' lang='lat' dir='ltr'>vo-</span> 
     </span>
     <span class='ocr_line' id='line_1_108' title="bbox 1036 2660 1808 2705; baseline 0.003 -11"><span class='ocrx_word' id='word_1_604' title='bbox 1036 2661 1152 2704; x_wconf 77' lang='lat' dir='ltr'>luisti,</span> <span class='ocrx_word' id='word_1_605' title='bbox 1173 2660 1221 2695; x_wconf 81' lang='lat' dir='ltr'>da</span> <span class='ocrx_word' id='word_1_606' title='bbox 1247 2661 1340 2696; x_wconf 81' lang='lat' dir='ltr'>mihi</span> <span class='ocrx_word' id='word_1_607' title='bbox 1363 2662 1502 2697; x_wconf 85' lang='lat' dir='ltr'>nemini</span> <span class='ocrx_word' id='word_1_608' title='bbox 1530 2661 1650 2705; x_wconf 80' lang='lat' dir='ltr'>falsas</span> <span class='ocrx_word' id='word_1_609' title='bbox 1676 2661 1808 2696; x_wconf 83' lang='lat' dir='ltr'>calum-</span> 
     </span>
     <span class='ocr_line' id='line_1_109' title="bbox 1033 2708 1810 2754; baseline 0 -12"><span class='ocrx_word' id='word_1_610' title='bbox 1033 2709 1115 2742; x_wconf 73' lang='lat' dir='ltr'>nias</span> <span class='ocrx_word' id='word_1_611' title='bbox 1136 2708 1286 2752; x_wconf 77' lang='lat' dir='ltr'>inferre,</span> <span class='ocrx_word' id='word_1_612' title='bbox 1309 2711 1342 2743; x_wconf 85' lang='lat' dir='ltr'>et</span> <span class='ocrx_word' id='word_1_613' title='bbox 1361 2709 1490 2744; x_wconf 84' lang='lat' dir='ltr'>illatas</span> <span class='ocrx_word' id='word_1_614' title='bbox 1509 2718 1574 2754; x_wconf 83' lang='lat' dir='ltr'>pro</span> <span class='ocrx_word' id='word_1_615' title='bbox 1598 2711 1658 2744; x_wconf 85' lang='lat' dir='ltr'>tuo</span> <span class='ocrx_word' id='word_1_616' title='bbox 1679 2708 1810 2743; x_wconf 77' lang='lat' dir='ltr'>honore</span> 
     </span>
     <span class='ocr_line' id='line_1_110' title="bbox 1031 2756 1406 2800; baseline 0.005 -11"><span class='ocrx_word' id='word_1_617' title='bbox 1031 2756 1214 2800; x_wconf 77' lang='lat' dir='ltr'>patienter</span> <span class='ocrx_word' id='word_1_618' title='bbox 1242 2756 1406 2800; x_wconf 80' lang='lat' dir='ltr'>sufferre.</span> 
     </span>
    </p>

    <p class='ocr_par' dir='ltr' id='par_1_5' title="bbox 1082 2802 1809 2839">
     <span class='ocr_line' id='line_1_111' title="bbox 1082 2802 1809 2839; baseline 0.003 -3"><span class='ocrx_word' id='word_1_619' title='bbox 1082 2804 1103 2836; x_wconf 90' lang='lat'>6</span> <span class='ocrx_word' id='word_1_620' title='bbox 1140 2802 1341 2839; x_wconf 66' lang='lat' dir='ltr'>Autumno</span> <span class='ocrx_word' id='word_1_621' title='bbox 1382 2812 1489 2839; x_wconf 79' lang='lat' dir='ltr'>suum</span> <span class='ocrx_word' id='word_1_622' title='bbox 1527 2802 1728 2839; x_wconf 69' lang='lat' dir='ltr'>Pom-mem</span> <span class='ocrx_word' id='word_1_623' title='bbox 1766 2815 1809 2839; x_wconf 76' lang='lat' dir='ltr'>m·</span> 
     </span>
    </p>
   </div>
  </div>
 </body>
</html>
