1924 3157
518 117 574 150 DE
612 115 776 154 SEXTA,
818 115 854 149 ΙΝ

113 192 165 229 cis
187 191 224 227 in
251 188 422 226 oratione
449 184 589 223 Christi
625 184 672 221 ad
695 182 891 219 crucifixo-

111 237 194 276 rum
232 234 511 273 malleationem
535 236 617 269 crat
649 229 826 273 melodia,
846 229 892 266 de

111 287 216 331 cujus
243 281 494 320 consonantia
521 290 702 317 conversa
730 280 818 314 sunt
837 280 893 313 tot

111 333 253 372 miliia!
275 333 348 368 Nec
370 331 522 372 mirum,
539 327 626 375 quia
648 326 726 373 ipse
746 328 891 362 tantam

112 378 439 418 mansuetudinem
464 386 619 413 servans
640 376 675 410 in
700 377 892 410 contume-

110 429 185 471 liis,
205 433 350 465 tantam
377 424 598 473 patientiam
628 422 832 458 ostendens
854 420 891 456 in

108 476 323 520 tormentis,
357 486 409 511 Sic
448 472 583 509 miram
617 469 891 513 benignitatem

109 526 293 562 exhibens
337 519 644 561 crucifixoribus,
680 516 891 553 evidentius

109 571 315 610 declaravit
332 581 371 606 se
394 568 527 605 Filium
540 577 621 603 esse
642 563 762 601 Patris
778 574 891 609 quom

110 622 254 658 orabat.
285 618 378 662 Quid
401 615 500 653 enim
527 614 647 659 majus
667 611 891 648 miraculum

110 669 179 704 hac
200 666 366 712 benigna
387 662 551 709 pietate?
566 663 642 697 Hoc
662 659 799 706 quippe
814 669 892 695 ver-

107 716 199 753 bum
222 724 368 760 magnae
391 710 583 758 patientiae
604 711 641 744 et
662 710 891 743 mansuetu-

108 762 220 804 dinis,
249 759 373 807 magni
397 757 562 795 dulcoris
589 761 627 792 et
660 754 780 791 vcniae
808 754 888 791 suit.

109 812 149 847 In
168 821 241 856 qni»
259 808 393 855 triplex
411 810 516 843 artus
534 805 702 841 caritatis
719 802 891 839 maximae

108 858 284 904 apparuit
307 868 315 892 :
337 854 473 902 primo,
495 852 583 899 qnia
606 862 672 898 pro
696 851 890 887 crucifixo-

107 906 212 943 ribus
240 902 553 940 affectnosissime
582 899 727 943 oravit;
754 909 891 934 sorun-

108 954 170 996 do,
193 952 281 999 quia
307 949 470 988 orationi
492 950 678 994 lacrymas
697 945 890 990 adjurium

107 1001 234 1045 tertio,
257 999 346 1046 quia
366 1010 445 1033 cum
466 999 621 1033 clamore
638 995 763 1030 cattio
785 998 821 1030 et
842 994 892 1029 la-

111 1058 326 1095 crymarum
355 1045 550 1082 effusione.
574 1054 641 1090 pro
662 1041 752 1089 ipsis
770 1052 892 1088 preces

109 1098 243 1134 obtulit
282 1095 385 1132 Unde
407 1097 459 1129 ait
479 1091 688 1128 Bernartius
712 1102 718 1126 :
744 1103 760 1122 «
784 1088 891 1126 Chi-i-

110 1149 188 1181 stus
206 1143 365 1189 flagellis
384 1152 519 1183 caesus,
536 1137 655 1184 spinis
673 1141 890 1176 coronatus,

109 1192 223 1229 clavis
245 1191 454 1227 confossus.
473 1188 575 1234 ligno
595 1185 809 1229 crucifixus,
830 1195 894 1231 op-

109 1238 273 1295 probriis
296 1242 499 1280 saturatus,
523 1235 693 1271 omnium
719 1233 893 1269 dolorum

108 1297 324 1331 immemor,
338 1286 481 1322 dicebat
498 1297 506 1319 :
525 1285 632 1319 Pater
643 1283 788 1317 dimitte
800 1282 891 1318 illis.

110 1337 204 1373 Hinc
236 1337 364 1372 multae
404 1331 565 1368 miseriae
587 1328 782 1375 corp··ris;
806 1327 893 1364 hinc

109 1385 237 1421 multae
261 1380 529 1419 miserii·ordiae
560 1378 698 1415 cordis.
731 1377 759 1413 O
781 1387 893 1422 quam

111 1433 262 1469 firmata
283 1434 337 1467 est
369 1439 482 1475 super
510 1427 610 1474 ipsos
635 1423 893 1461 misericordia

111 1484 189 1523 tua,
213 1483 249 1516 et
270 1488 382 1525 quam
417 1486 553 1522 magna
583 1473 786 1510 multitudo
815 1472 894 1508 dul-

111 1527 253 1565 cedinis
287 1523 555 1562 misericordiae
588 1521 687 1558 111101
713 1519 892 1566 quoniam

110 1587 134 1623 p
152 1576 272 1617 ·tabis,
296 1570 891 1615 Domine,desideranteste,tor-

110 1629 219 1660 rente
240 1620 438 1665 voluptatis
456 1625 531 1655 tuae
553 1631 560 1654 :
588 1632 604 1651 »
627 1618 705 1653 liaec
726 1618 893 1653 Bernar-

111 1672 192 1707 dus.
215 1672 292 1706 Non
319 1679 409 1714 ergo
432 1668 606 1713 desperet
626 1666 762 1700 amodo
789 1663 891 1709 qnis-

111 1729 225 1766 quam
257 1716 447 1765 poenitens
484 1726 550 1762 pro
586 1712 764 1760 poci-atis,
802 1721 893 1756 pen-

108 1767 225 1804 sando
240 1765 386 1811 copiam
406 1765 538 1810 gratiae
552 1759 757 1799 Salvatoris
787 1759 892 1795 Unde

110 1816 370 1860 Aziqiistinus:
395 1826 411 1845 «
436 1811 531 1855 Quid
560 1813 688 1846 autem
710 1818 891 1844 converso

111 1874 187 1900 nou
200 1860 436 1909 ignoscitur?
449 1858 538 1903 Quis
555 1856 744 1894 homicida
761 1855 893 1901 despe-

111 1914 182 1954 ret,
208 1922 236 1946 si
271 1909 307 1945 in
331 1919 435 1956 spem
471 1906 642 1942 redditus
670 1909 740 1948 est,
765 1914 787 1940 a
820 1914 893 1950 quo

112 1958 226 1996 etiam
247 1957 416 1994 Chi-istus
435 1957 580 1991 occisas
601 1957 656 1989 cst
670 1954 688 1988 ’ἲ
711 1966 724 1984 ›=

162 2021 206 2054 29
228 2007 474 2042 DocnmaNTun
513 2015 557 2038 EX
598 2013 667 2037 Hoc
704 2012 820 2037 ventio
853 2010 894 2035 ΕΤ

114 2066 257 2091 01111110.
270 2074 315 2079 —
328 2054 398 2088 Per
410 2053 481 2087 hoc
491 2051 647 2086 verbum
663 2047 809 2085 Domini
824 2049 895 2093 pri-

115 2113 216 2139 mum
231 2102 409 2138 docemur
422 2102 594 2146 petentes
610 2108 676 2133 nos
690 2095 763 2132 cito
781 2106 895 2132 exau-

114 2150 210 2194 dire,
232 2149 466 2195 injuriasque
486 2150 693 2189 remittere,
717 2147 754 2181 et
774 2143 895 2179 vindi-

115 2203 195 2235 ctas
216 2208 291 2234 non
314 2200 507 2243 expetere3
529 2206 572 2230 ac
593 2193 708 2230 etiam
730 2203 798 2239 pro
823 2191 896 2227 ini-

116 2244 467 2283 micisintcrcedere
479 2239 897 2286 etorare,e‹›squedili-

115 2305 218 2341 gere.
241 2294 293 2329 Ait
313 2294 467 2328 verbum
482 2290 593 2337 igitur
607 2293 723 2326 tantae
745 2288 896 2335 pietatis

115 2340 330 2378 emolliatur
352 2351 416 2376 cor
438 2343 619 2381 iio-trum,
644 2337 739 2373 sicut
760 2336 898 2372 dicitur

115 2389 153 2426 in
168 2389 317 2425 Psalmo
335 2400 343 2424 ε
359 2389 486 2431 Hodie,
500 2389 532 2421 si
546 2397 663 2422 vocem
680 2387 824 2421 Domini
835 2396 898 2420 (tzi-

117 2438 277 2476 dier-itis,
300 2437 412 2472 nolite
431 2436 611 2471 obdurare
632 2434 741 2470 corda
759 2437 895 2477 vestra,

118 2489 158 2522 ut
180 2484 413 2521 dimittamus
432 2484 594 2519 offensas
612 2481 847 2518 d··bitoribus
861 2484 896 2516 ct

119 2532 409 2580 injuriatoribus
434 2529 599 2574 nosti·is;
622 2534 659 2566 et
680 2541 753 2565 non
776 2530 896 2565 soluin

119 2581 354 2617 dimittamus
378 2580 554 2622 otfonms,
589 2578 653 2614 sed
691 2577 803 2614 etiam
831 2588 896 2622 pro

118 2628 210 2676 ipsis
231 2640 394 2668 oremus,
410 2627 545 2663 intuitu
563 2627 642 2674 ejus
663 2626 725 2672 qui
749 2627 897 2661 Patrem

122 2677 288 2714 exoraxit
323 2688 390 2723 pro
424 2672 728 2723 pauet-umoribus
758 2673 835 2709 suis
863 2676 899 2709 et

121 2725 415 2762 crucifixoribu<.
440 2723 544 2760 Unde
561 2725 613 2758 ait
638 2723 866 2766 Auyustinas
888 2733 897 2756 :

122 2785 140 2806 «
161 2772 254 2811 Vide
273 2771 442 2810 caritatis
461 2768 710 2815 affluentiam,
733 2773 770 2806 et
790 2768 900 2806 mira-

230 2836 320 2870 vin
341 2837 429 2871 ,Iesu
452 2836 610 2875 Gummi,
634 2843 747 2867 TOMUS
770 2832 833 2865 IV.

893 114 1106 148 PASSloNi}
1147 113 1328 147 DOMINI.

1702 118 1756 150 113

934 186 936 211 ῑ
973 181 1086 217 bilem
1109 179 1332 226 patientiam
1358 193 1365 217 ε
1390 192 1456 227 pro
1478 180 1641 219 inimicis
1667 184 1757 220 facit

971 227 1197 269 orationum,
1233 228 1405 273 rvmittit,
1440 232 1478 266 et
1507 241 1581 267 non
1615 231 1756 278 expetit

973 276 1169 312 ultionem.
1186 275 1385 326 (ξυνὴ-111111*
1408 277 1565 314 formica
1599 278 1755 325 festuca,

971 323 1066 360 cinis
1103 323 1225 374 pulvis
1247 328 1283 358 ct
1311 324 1438 362 favilla
1457 323 1663 362 vindictam
1699 338 1758 363 ex-

971 371 1067 418 petis
1098 369 1358 407 remissionem
1380 372 1583 418 protrahis,
1599 385 1685 411 cum
1705 374 1755 411 vi-

971 419 1062 456 deas
1085 418 1225 462 Regem
1248 418 1379 463 gloriae
1394 420 1670 469 Dominumque
1685 422 1757 459 vir-

971 470 1094 503 tutum
1118 468 1375 503 remittentem
1398 467 1533 514 minas,
1560 473 1756 508 contume-

971 514 1052 551 lias.
1072 517 1109 550 ct
1130 511 1400 559 blasphemias,
1418 519 1454 551 et
1475 517 1756 555 condonantern

972 561 1094 598 cruris
1114 559 1304 597 molestias
1326 565 1363 598 et
1382 563 1504 599 reales
1529 564 1713 611 injurias?
1735 579 1753 599 »

972 611 1076 647 Unde
1098 611 1134 646 ct
1155 607 1350 645 Anselmus
1371 622 1381 645 :
1405 622 1423 643 «
1460 611 1515 647 Ad
1542 612 1666 649 locum
1688 613 1755 651 de-

970 658 1105 695 ductus
1134 656 1304 703 supplicii
1343 658 1499 704 myrrha
1534 663 1687 705 potatur
1719 664 1757 698 et

971 706 1068 742 selle.
1088 708 1156 747 Ita,
1179 716 1215 740 in
1236 716 1345 741 ‹erui-e
1370 705 1532 751 levatur,
1557 710 1594 743 et
1625 707 1716 744 dicit
1745 719 1754 744 ι

970 756 1094 798 Pater,
1117 751 1264 789 dinzicte
1284 754 1377 790 illis,
1400 764 1471 790 non
1502 756 1595 790 enim
1617 754 1755 792 “sramc

971 803 1063 848 qnid
1088 803 1247 846 faciunt.
1282 800 1409 844 Qualis
1439 804 1494 838 est
1526 800 1601 846 hic,
1631 802 1693 848 qui
1719 803 1758 840 in

971 849 1146 887 omnibus
1171 848 1355 894 pressuris
1377 849 1455 886 suis
1485 860 1552 886 nec
1575 851 1691 887 semel
1716 862 1758 888 os

972 909 1079 934 suum
1100 901 1260 943 aperuit,
1279 900 1318 933 ut
1334 902 1398 933 aut
1417 898 1597 942 querelae,
1616 902 1682 935 aut
1700 910 1761 936 ex-

972 946 1191 989 cusationis,
1213 948 1297 981 'aut
1335 945 1654 985 comminationis.
1696 950 1761 984 aut

974 992 1249 1030 maledictionis
1272 993 1426 1029 verbum
1453 992 1605 1039 aliquod
1630 994 1760 1031 adver-

972 1052 1035 1077 sus
1062 1041 1281 1078 mandit-tos
1303 1048 1418 1076 canes
1440 1040 1524 1076 illos
1547 1042 1756 1087 proferrem

972 1089 1037 1125 sed
1061 1088 1264 1125 novissime
1286 1088 1442 1124 verbum
1466 1088 1757 1135 benedictionis,

973 1139 1081 1182 quate
1117 1148 1139 1173 a
1171 1135 1296 1172 seculo
1334 1146 1539 1182 numquam
1567 1140 1625 1173 est
1651 1137 1759 1174 andi-

972 1188 1067 1229 tum,
1109 1195 1222 1231 super
1259 1182 1433 1220 inimicos
1469 1195 1556 1220 suos
1591 1185 1724 1222 effudit
1740 1186 1757 1221 ⁵?

973 1233 1068 1275 Quid
1091 1233 1162 1268 hoc
1184 1232 1262 1267 viro
1286 1231 1550 1267 mansuetius?
1568 1232 1664 1276 Quid
1694 1234 1756 1271 be-

974 1279 1141 1326 nignius,
1160 1278 1289 1316 anima
1308 1290 1404 1323 mea,
1423 1278 1577 1316 vidisti?
1594 1294 1610 1314 »
1632 1282 1674 1317 Et.
1689 1281 1757 1318 ite-

972 1339 1056 1364 rum
1075 1341 1081 1364 :
1099 1343 1116 1361 «
1134 1330 1175 1364 In
1188 1326 1365 1363 omnibus
1380 1326 1436 1363 his
1450 1327 1648 1364 considera
1666 1329 1757 1366 illud

973 1375 1234 1412 dulcissimum
1258 1381 1408 1421 pectus;
1439 1385 1550 1420 quam
1579 1376 1760 1423 tranquil-

973 1423 1116 1460 litatem
1146 1422 1311 1459 servavit
1338 1423 1509 1469 pietatis!
1539 1424 1619 1460 Non
1649 1435 1757 1462 suam

973 1471 1135 1507 attendit
1150 1469 1344 1517 injuriam,
1370 1481 1445 1506 non
1468 1481 1618 1516 poenam
1639 1483 1758 1519 repu-

973 1523 1040 1572 tat,
1071 1523 1107 1556 et
1143 1530 1218 1555 non
1248 1522 1361 1554 sentit
1389 1519 1659 1565 contumetiam
1691 1520 1756 1557 sed

972 1567 1063 1613 Ipsis
1099 1566 1221 1611 potius
1261 1577 1283 1602 a
1326 1565 1462 1612 quibus
1500 1566 1653 1612 patitur,
1694 1568 1757 1606 ille

973 1615 1224 1661 compatitur;
1241 1624 1263 1649 a
1282 1614 1420 1660 quibus
1443 1614 1676 1659 vulneratur,
1695 1615 1759 1652 ille

973 1663 1169 1707 medetur;
1207 1661 1322 1697 vitain
1348 1666 1540 1708 procurat,
1579 1674 1601 1699 a
1625 1662 1760 1707 quibus

972 1710 1170 1747 occiditur.
1191 1710 1282 1746 Cum
1297 1709 1522 1756 qnamentis
1544 1711 1759 1756 dulcedine,

972 1770 1055 1795 cum
1081 1770 1155 1803 qua
1184 1758 1341 1804 spiritus
1369 1757 1584 1803 devotione,
1618 1758 1656 1795 in
1685 1770 1760 1805 quo

972 1806 1140 1843 caritatis
1166 1804 1402 1852 plenitudine
1427 1805 1566 1842 clamat
1589 1821 1597 1843 ε
1636 1808 1758 1851 Pater,

973 1856 1119 1891 dimitte
1153 1855 1258 1890 illis!
1298 1855 1389 1890 Ecce
1428 1864 1498 1900 ego
1522 1882 1531 1898 ,
1568 1854 1727 1892 Domine
1749 1883 1758 1900 ‚

973 1908 1046 1939 tuae
1070 1900 1279 1949 majestatis
1300 1901 1493 1945 adorator,
1508 1913 1584 1938 non
1603 1902 1655 1939 tui
1676 1913 1758 1939 cor-

974 1951 1078 1998 poris
1098 1950 1344 1993 intertector3
1371 1952 1447 1986 tuae
1483 1949 1616 1986 mortis
1639 1961 1759 1988 vene-

974 2006 1092 2042 rator,
1113 2009 1185 2034 non
1204 2002 1278 2034 tuae
1293 1996 1484 2033 Passionis
1501 1997 1668 2043 derisor3
1684 2002 1758 2036 tuae

976 2045 1245 2083 misericordiae
1264 2045 1556 2090 contemplator,
1587 2057 1663 2082 non
1685 2052 1759 2083 tuae

974 2093 1208 2130 infirmitatis
1247 2097 1500 2140 contemptor.
1540 2094 1762 2139 Interpellat

977 2154 1043 2189 pro
1073 2153 1130 2178 me
1151 2146 1215 2178 tua
1246 2141 1368 2177 dulcis
1394 2140 1624 2185 humanitas,
1647 2152 1759 2178 coin-

976 2191 1129 2227 menslet
1153 2201 1212 2226 me
1240 2189 1343 2225 Patri
1367 2195 1430 2225 tuo
1460 2188 1663 2226 ineffabilis
1696 2194 1760 2227 tua

976 2241 1108 2284 pietas.
1131 2239 1197 2274 Dic
1221 2237 1348 2283 igitur,
1374 2248 1395 2273 0
1418 2237 1538 2273 dulcis
1565 2237 1720 2274 Domine
1745 2250 1754 2274 :

977 2288 1100 2327 Pater,
1123 2286 1275 2332 ignosce
1297 2284 1350 2321 illi
1375 2295 1384 2320 ι
1409 2298 1426 2317 »
1450 2286 1529 2321 tiaec
1546 2285 1756 2323 Anselmus.

976 2337 1028 2370 'l'u
1059 2345 1146 2370 vero
1173 2343 1258 2369 eum
1291 2335 1345 2368 sic
1384 2343 1495 2369 orare
1521 2335 1664 2379 poteris
1693 2345 1701 2370 ε
1731 2335 1759 2372 0

976 2383 1252 2419 clementissime
1272 2381 1435 2425 Domine,
1459 2385 1600 2427 quanta
1621 2385 1673 2418 est
1691 2393 1759 2428 pa-

977 2432 1107 2467 tientia
1145 2430 1231 2465 tua!
1265 2429 1414 2475 Semper
1457 2429 1632 2465 insidiati
1671 2434 1757 2466 sunt

977 2480 1059 2522 tibi,
1081 2480 1116 2513 ec
1136 2479 1317 2523 persecuti
1335 2480 1420 2513 sunt
1445 2480 1478 2512 te
1498 2481 1532 2512 et
1559 2481 1652 2520 tuos,
1669 2489 1756 2524 pro-

977 2528 1109 2562 ditiose
1128 2529 1161 2560 te
1172 2529 1343 2571 ceperunt
1365 2528 1397 2560 et
1418 2525 1602 2560 malitiose
1621 2531 1654 2560 te
1674 2537 1756 2562 cru-

978 2577 1185 2620 cifixerunt,
1206 2576 1239 2608 et
1254 2573 1357 2608 modo
1370 2575 1480 2619 petis,
1494 2578 1532 2608 ut
1547 2575 1760 2617 ignoscatur

977 2624 1083 2658 illis!
1112 2623 1262 2657 Domine
1290 2623 1388 2659 Jesu.
1422 2623 1530 2657 Pater
1552 2623 1757 2657 misericor-

978 2672 1139 2712 diarum,
1163 2680 1223 2705 oro
1248 2672 1294 2712 te,
1317 2672 1358 2705 ut
1381 2670 1476 2705 sicut
1505 2672 1544 2704 tu
1563 2670 1759 2715 pepercisti

980 2721 1052 2756 tuis
1073 2718 1352 2763 crucifixoribus
1375 2721 1409 2753 et
1433 2719 1575 2762 roqastz·
1602 2728 1671 2764 pro
1692 2719 1758 2759 eis,

977 2769 1040 2812 fac
1059 2771 1100 2804 ut
1125 2776 1247 2803 amore
1281 2766 1336 2803 tui
1362 2777 1515 2813 parcam
1537 2776 1600 2811 eqo
1620 2766 1761 2801 cunctis

1588 2832 1605 2860 8
