1872 3147
150 180 194 215 26
614 180 823 216 SECt'NnAE
858 182 1018 216 PARTIS
1055 180 1188 214 CAPUT
1224 180 1304 214 htx

159 251 327 298 proximo
349 261 418 287 suo
440 250 624 296 promittit
637 255 674 287 et
694 263 769 289 non
785 257 927 299 servat;

153 298 224 343 vel,
243 298 501 334 fraudulenter
533 298 723 336 adulatur.
744 302 785 336 ln
806 302 930 348 seipso

152 345 266 382 ctiam
288 346 403 380 Deum
426 345 579 389 salutat,
599 349 637 381 et
654 347 782 384 osculo
798 349 930 393 tradit,

153 392 215 438 qui
235 403 299 428 ore
320 391 408 427 dicit
423 402 460 427 se
479 402 581 428 nosse
597 395 708 430 Deum
727 398 762 430 et
775 397 931 432 credere

155 439 193 475 in
230 450 331 481 eum,
368 440 480 481 factis
514 443 634 476 autem
669 445 793 486 neqat.
822 444 928 484 Item,

153 497 237 522 cum
253 486 349 522 Juda
362 485 562 522 Dominum
580 487 730 529 salutat,
751 493 788 525 et
804 490 929 526 osculo

150 533 279 576 tradit,
315 532 376 578 qui
403 543 488 569 cum
520 535 672 571 mortali
699 540 851 582 peccato
883 536 931 573 ad

150 581 293 626 Corpus
314 579 464 616 Domini
481 581 638 618 accedit.
656 603 700 609 -
717 583 930 620 Secundum

153 630 275 671 est‚ut
294 627 485 663 discamus
505 629 694 674 patienter
722 630 821 666 ferre
842 641 930 667 ma-

151 674 272 710 lorum
292 674 491 711 hominum
518 676 810 719 fraudulentias,
834 677 930 714 sicut

150 721 325 757 Christus
345 721 536 768 patienter
557 723 736 759 sustinuit
757 724 930 770 prodito-

150 768 203 805 ris
223 768 281 805 sui
309 769 491 805 fallacias.
525 791 569 798 —-
601 770 770 807 Tertium
795 774 865 816 est,
887 775 929 807 ut

149 815 442 852 calumniatores
479 817 589 853 nobis
622 818 763 854 malum
789 818 927 864 impre-

152 867 281 899 cantes
302 874 376 899 non
398 863 592 908 odiamus;
611 867 677 900 sed
695 865 860 901 amantis
879 865 930 901 af-

148 910 262 955 fectu,
287 911 456 956 exemplo
477 911 630 955 Christi,
653 923 718 948 eos
740 912 929 958 corripia-

150 968 246 993 mus.
264 979 309 983 —
327 959 366 993 ln
387 958 588 994 recolendo
608 959 708 994 hunc
725 958 928 995 articulum

151 1004 197 1040 de
210 1004 301 1040 falso
315 1004 442 1040 osculo
454 1005 573 1049 Judae,
587 1005 849 1052 poterithomo
861 1017 929 1053 per

150 1053 380 1087 contrarium
399 1062 484 1087 cum
505 1051 656 1089 sincera
676 1053 751 1089 fide
765 1058 801 1089 et
821 1055 929 1090 devo-

150 1100 252 1134 tione
279 1099 441 1134 osculari
467 1099 582 1145 pedes
615 1100 808 1143 Crucifixi,
830 1100 928 1136 indi-

151 1156 267 1191 gnum
309 1157 349 1182 se
385 1150 565 1190 reputans
591 1147 719 1184 osculo
755 1149 846 1192 oris,
882 1148 930 1184 ad

152 1193 253 1239 quod
272 1193 336 1229 ille
351 1192 478 1228 infelix
497 1194 615 1230 Judas
635 1195 815 1232 accedere
837 1206 931 1241 prae-

151 1240 323 1286 sumpsit.
347 1240 454 1283 Quod
473 1241 504 1276 si
522 1241 729 1288 imaginem
751 1242 928 1279 Crucifixi

151 1291 239 1323 ante
277 1299 314 1323 se
339 1298 415 1323 non
443 1288 595 1333 babeat,
632 1289 825 1326 osculetur
850 1293 927 1325 ter-

150 1344 247 1379 ram,
262 1337 574 1381 repraesentando
594 1337 664 1372 hoc
688 1336 804 1381 idem,
825 1340 862 1372 et
884 1347 928 1373 a-

149 1381 236 1417 liter
255 1388 367 1428 prout
387 1383 487 1418 Deus
511 1382 710 1429 inspirabit
735 1395 742 1418 ;
762 1385 789 1420 O
810 1386 929 1420 Domi-

147 1439 192 1464 ne
211 1431 308 1469 Jesu,
331 1431 396 1474 qui
416 1441 437 1464 α
455 1430 552 1465 Juda
577 1432 700 1466 osculo
720 1432 823 1466 tradi
846 1442 929 1477 per-

152 1477 287 1517 tulisti,
317 1477 366 1511 da
388 1478 486 1512 milii
510 1487 711 1522 numquam
736 1480 776 1513 in
799 1480 929 1524 promi-

148 1533 218 1564 mo,
246 1524 303 1558 vel
322 1525 362 1559 in
398 1525 621 1570 memetipso,
643 1528 677 1560 te
697 1526 869 1568 trodere3
897 1528 931 1561 et

147 1571 477 1606 calumniatoribus
498 1573 600 1613 meis,
635 1575 668 1608 et
692 1573 928 1608 insidiatori-

151 1618 229 1662 bus,
260 1629 302 1653 ac
328 1619 580 1664 proditoribus
607 1621 770 1664 fraterni
792 1622 930 1656 amoris

152 1666 317 1710 officium
337 1676 408 1701 non
424 1676 570 1710 neqare.

201 1726 241 1759 19
260 1713 402 1748 Ficmm
417 1724 626 1748 Pnomroms
645 1723 783 1749 oscum.
794 1734 839 1740 —-
854 1716 930 1751 Ista

153 1763 281 1795 autem
306 1759 435 1805 iniqua
456 1759 630 1796 salutatio
652 1760 799 1797 Christo
833 1762 930 1798 facta

151 1805 242 1842 olim
259 1806 329 1842 fuit
350 1808 386 1842 in
411 1807 505 1843 Joab
530 1811 566 1843 et
589 1808 727 1844 Amasa
752 1809 927 1855 praefigu-

150 1857 244 1890 rata.
273 1854 365 1890 Joab
386 1855 561 1890 Amasam
585 1854 767 1899 salutans,
797 1856 929 1892 dolosa

149 1904 276 1937 mente
315 1901 470 1937 fratrem
512 1902 692 1946 vocabat3
734 1906 770 1938 et
807 1903 927 1939 Judas

149 1947 339 1984 Christum
359 1949 542 1993 salutans,
563 1948 697 1995 iniqua
715 1948 927 1987 intentione

148 1996 368 2041 Magistrum
392 1995 618 2042 appellabat.
648 1997 742 2032 Joab
773 1997 927 2033 dextera

149 2046 318 2079 mentum
339 2044 485 2079 Amasae
500 2043 607 2088 quasi
627 2043 853 2080 deosculans
874 2049 927 2080 te-

147 2089 274 2132 nebat,
303 2093 341 2125 et
375 2089 415 2125 in
448 2089 599 2126 sinistra
625 2090 793 2136 gladium
832 2092 925 2127 edu-

149 2147 239 2172 cens
270 2136 394 2183 ipsum
430 2137 666 2183 perimebat;
704 2137 756 2173 sic
795 2139 925 2183 Judas,

152 2183 259 2229 quasi
273 2187 425 2220 dextera
436 2188 605 2220 mentum
621 2184 759 2222 Christi
773 2186 896 2221 tenuit
916 2197 924 2223 :

148 2233 238 2272 Ave,
252 2232 383 2272 Rabbz',
402 2231 535 2268 blande
547 2231 616 2268 sibi
632 2232 774 2276 dicens,
789 2238 825 2268 et
839 2243 928 2279 qua-

149 2279 179 2313 si
203 2277 357 2314 sinistra
377 2278 545 2323 gladium
573 2278 713 2322 eduxit,
739 2283 775 2316 et
806 2281 927 2326 ipsum

148 2325 324 2370 perfodit,
347 2324 504 2362 insidias
531 2327 599 2362 sub
626 2325 750 2363 verbis
776 2327 926 2363 blandis

150 2371 355 2407 occultans.
379 2393 418 2398 -—
441 2373 576 2409 Judam
597 2377 634 2409 et
652 2374 819 2418 Judaeos,
843 2384 926 2410 ma-

150 2419 227 2454 lum
254 2429 322 2464 pro
349 2419 447 2455 bono
476 2421 688 2464 reddentes,
717 2421 807 2456 olim
839 2421 927 2457 Saul

145 2465 419 2512 praefiguravst,
448 2468 510 2512 qui
537 2478 677 2512 genero
703 2478 770 2504 suo
808 2469 926 2504 David

148 2513 289 2548 malum
310 2524 374 2557 pro
397 2514 497 2549 bono
517 2514 696 2550 reddidit.
719 2516 837 2551 David
860 2516 926 2551 ho·

148 2564 244 2596 stem
271 2559 407 2604 Saulis,
432 2561 575 2597 scilicet
595 2561 754 2604 Goliam,
775 2573 926 2608 supera-

148 2607 214 2651 vit,
251 2611 287 2642 et
314 2607 350 2642 in
373 2608 500 2643 multis
536 2607 571 2644 ei
613 2607 713 2643 utilis
737 2609 827 2653 fuit,
860 2609 926 2645 sed

148 2654 235 2690 Saul
257 2653 327 2690 sibi
346 2658 537 2700 tamquam
566 2655 665 2691 hosti
688 2655 843 2692 insidias
863 2667 926 2703 pa-

150 2700 259 2744 ravit,
277 2705 314 2736 et
333 2701 365 2736 ei
386 2707 544 2738 mortem
559 2701 701 2738 inferre
721 2703 923 2740 affectavit.

149 2748 209 2785 Sic
228 2749 326 2785 Deus
348 2749 585 2786 Pharaonem
606 2753 642 2785 et
662 2749 837 2786 inimicos
859 2751 924 2786 Ju-

147 2799 316 2832 ‹taeorum
337 2806 437 2842 saepe
466 2796 619 2840 devicit,
648 2801 685 2833 et
704 2807 855 2842 semper
874 2798 927 2833 eis

1006 252 1170 300 profuit;
1194 261 1293 287 nunc
1312 252 1440 287 autem
1459 249 1498 286 in
1520 254 1680 287 mortem
1698 251 1776 297 eJ‘us

1005 311 1111 337 arma
1130 302 1278 345 parant,
1301 301 1338 333 et
1357 297 1403 333 ad
1425 297 1672 334 occidendum
1691 308 1775 335 eum

1005 358 1044 384 se
1065 350 1228 383 armant.
1249 366 1294 371 -
1314 343 1461 381 Similes
1481 344 1594 381 etiam
1612 349 1697 381 sunt
1712 343 1774 381 isti

1004 394 1194 441 poditores
1230 392 1336 435 Cain,
1358 391 1420 437 qui
1455 391 1561 428 fratri
1598 402 1666 428 suo
1695 392 1776 428 sine

1005 452 1118 478 causa
1138 439 1283 483 invidit,
1299 443 1336 476 et
1350 438 1471 484 ipsum
1491 438 1554 484 qui
1573 439 1665 474 nihil
1687 438 1775 475 mali

1003 488 1071 525 sibi
1093 489 1233 524 fecerat
1253 485 1402 522 occidit.
1420 485 1511 521 Cain
1533 486 1670 531 quippe
1689 487 1778 523 edu-

1003 536 1055 572 xit
1074 536 1228 571 fratrem
1247 543 1357 570 suum
1373 532 1527 568 Abelem
1540 532 1663 568 verbis
1673 533 1775 569 blan-

1004 584 1061 619 dis
1084 587 1121 619 et
1141 582 1315 618 eductum
1337 578 1541 616 crudeliter
1559 578 1772 624 interfecit3

1004 630 1056 666 sic
1095 634 1132 665 et
1168 628 1284 666 Judas
1322 625 1448 664 verbis
1482 625 1633 662 blandis
1668 625 1776 662 Chri-

1003 680 1115 721 stum,
1143 676 1300 712 fratrem
1339 678 1525 716 nostrum,
1560 676 1597 709 et
1631 676 1776 726 patrem

1003 722 1192 767 salutavit,
1217 726 1253 759 et
1278 721 1452 758 hostibus
1474 721 1521 756 ad
1542 720 1776 757 interficien-

1002 772 1090 807 dum
1111 770 1284 816 nequiter
1303 767 1561 815 praesentavit.

1052 832 1094 854 20
1121 819 1265 853 anvon
1302 818 1410 852 Pmm
1452 827 1489 851 m
1524 825 1777 851 AGGREDOENDO

980 875 983 878 ’
1002 867 1150 901 MALcuo
1177 876 1200 900 A
1224 865 1378 900 Cnmsm
1401 873 1709 898 REPREHENDITUR.
1731 882 1778 888 —

1004 914 1060 957 Et,
1091 921 1174 947 cum
1213 912 1346 947 Petrus
1383 909 1517 946 ceteris
1556 908 1751 945 ardentior
1765 935 1777 954 ,

1003 970 1110 995 servo
1130 957 1341 1001 pontificis,
1355 956 1415 993 cui
1437 966 1577 992 nomen
1595 959 1676 992 erat
1690 956 1778 992 Mal-

1003 1005 1177 1052 chus‚qui
1190 1005 1237 1041 ad
1250 1005 1440 1041 Christum
1459 1004 1685 1050 capiendum
1701 1012 1779 1040 ma-

1003 1053 1061 1099 gis
1079 1055 1123 1089 de
1144 1063 1258 1098 prope
1279 1063 1318 1088 se
1334 1052 1542 1098 ingerebat,
1561 1053 1598 1087 et
1616 1050 1778 1087 ferocius

1002 1098 1394 1144 instabat,auriculam
1408 1098 1578 1134 dextram
1594 1098 1641 1134 ob
1656 1098 1779 1134 zelum

1003 1150 1248 1194 amputasset,
1275 1150 1412 1192 putans
1433 1155 1518 1181 eum
1532 1144 1654 1191 magis
1671 1145 1781 1181 laede-

1002 1206 1042 1231 re
1064 1199 1099 1231 et
1116 1193 1283 1239 graviter
1299 1194 1512 1236 vulnerare,
1535 1192 1593 1228 vel
1613 1191 1647 1228 ei
1668 1194 1781 1238 caput

1003 1245 1200 1288 amputare
1236 1245 1273 1277 et
1298 1240 1529 1284 interficere,
1557 1239 1623 1275 sed
1652 1238 1780 1276 divina

1003 1288 1250 1335 dispositione
1270 1287 1366 1324 ictus
1387 1286 1589 1324 declinavit
1615 1290 1652 1323 et
1671 1287 1778 1322 rela-

1002 1347 1090 1383 psus
1114 1340 1171 1372 est
1203 1336 1250 1372 ad
1271 1345 1415 1379 aurem,
1443 1333 1623 1370 Dominus
1643 1343 1777 1386 eum-a

1002 1383 1157 1420 laesione
1192 1381 1493 1418 adversariorum
1531 1383 1775 1427 compescult,

1002 1430 1132 1467 dicens
1149 1441 1157 1466 :
1173 1431 1342 1466 Converte
1358 1429 1525 1474 qladz'um
1547 1432 1649 1464 tuum
1667 1430 1707 1464 in
1723 1429 1776 1464 lo-

1002 1489 1082 1514 cum
1120 1488 1239 1517 suum,
1275 1487 1342 1513 seu
1365 1479 1406 1512 in
1439 1477 1635 1520 vaqinaw
1662 1474 1777 1511 veluti

1002 1536 1077 1561 non
1098 1528 1195 1561 esset
1228 1524 1330 1560 locus
1350 1522 1593 1567 defensionis,
1621 1522 1687 1558 sed
1707 1532 1778 1568 pa-

1002 1571 1159 1616 tientiae‚
1181 1581 1250 1607 uec
1266 1571 1300 1607 ei
1318 1570 1441 1606 licitus
1460 1580 1549 1606 usus
1566 1569 1681 1616 gladii
1700 1579 1777 1605 ma-

1002 1619 1156 1655 terialis.
1179 1618 1291 1662 Quasi
1309 1617 1475 1654 diceret:
1495 1616 1577 1653 Noli
1593 1627 1637 1653 eo
1653 1617 1711 1669 uti
1727 1616 1775 1653 ad

1004 1665 1258 1703 defensionem
1290 1675 1430 1709 meam,
1456 1665 1544 1710 quia
1578 1674 1656 1700 non
1688 1663 1777 1699 licet

1004 1713 1090 1749 viris
1110 1712 1326 1759 apostolicis
1348 1712 1403 1748 uti
1423 1711 1548 1758 gladio
1571 1710 1772 1748 materiali.

1003 1760 1071 1797 Ubi
1089 1759 1420 1803 considerandum,
1442 1758 1649 1795 secundum
1665 1759 1776 1803 Chry-

1001 1811 1208 1846 sostomum.
1240 1807 1341 1853 quod
1363 1806 1449 1842 licet
1472 1805 1774 1858 ChristusPetro

1002 1858 1039 1891 et
1064 1855 1147 1891 aliis
1165 1854 1357 1900 discipulis
1379 1853 1480 1900 prius
1502 1855 1691 1899 praeceplt,
1709 1852 1775 1888 d1-

1001 1913 1090 1938 cens
1109 1913 1117 1938 z
1144 1903 1186 1939 Si
1223 1903 1306 1947 quis
1336 1906 1370 1937 te
1390 1902 1611 1947 percusserit
1629 1901 1670 1935 in
1689 1900 1775 1935 dea:—

1002 1953 1115 1985 teram
1135 1950 1344 1993 maxillam,
1362 1948 1482 1994 praebe
1502 1949 1536 1983 ez·
1552 1951 1586 1983 et
1603 1948 1771 1988 alteram,

1001 2008 1044 2033 ex
1063 2007 1238 2033 sermone
1259 2000 1386 2032 tamen
1405 1994 1558 2039 Christi,
1585 2004 1697 2040 quem
1723 1994 1774 2030 fe-

1001 2045 1051 2080 cit
1075 2048 1160 2090 post
1197 2053 1358 2087 coenam,
1390 2043 1526 2078 Petrus
1561 2041 1600 2077 in
1625 2044 1775 2078 tantum
1801 2069 1805 2084 ,

1000 2101 1168 2127 amorem
1187 2092 1392 2135 exarserat,
1415 2089 1515 2135 quod
1527 2089 1573 2125 de
1593 2088 1658 2124 illo
1681 2098 1775 2142 prae3

1001 2142 1107 2184 cepto
1134 2149 1210 2174 non
1245 2137 1415 2173 recolens
1449 2136 1568 2172 solam
1604 2137 1774 2181 Maglstrl
1800 2143 1803 2163 ’κ

999 2196 1056 2221 su1
1084 2185 1345 2221 defensionem
1375 2184 1609 2219 intendebat.
1632 2184 1682 2219 Ex
1701 2182 1775 2218 hoc
1805 2198 1808 2210 ·

999 2236 1124 2269 autem
1163 2232 1262 2277 quod
1299 2231 1468 2268 Christus
1512 2230 1773 2266 defensionem
1810 2231 1813 2275 ἱ

998 2277 1773 2330 prohibuit,ostenditurejuspromptitudo
1812 2278 1816 2299 ¹

1000 2336 1112 2373 quam
1130 2327 1177 2362 ad
1197 2325 1416 2372 patiendum
1436 2325 1589 2368 habu1t;
1602 2334 1695 2377 pam
1714 2333 1773 2359 re-

1000 2374 1108 2410 condi
1120 2373 1285 2420 gladium
1298 2372 1407 2418 praeci
1413 2372 1526 2418 pit,ut
1534 2375 1771 2417 patientiam,

999 2431 1074 2457 non
1094 2420 1301 2456 vindictam
1335 2420 1480 2456 doceat.
1516 2418 1623 2455 Unde
1648 2418 1772 2455 Raba-

998 2478 1066 2503 ηας
1088 2480 1099 2503 .-
1123 2481 1141 2500 «
1163 2467 1348 2513 Oportuit,
1367 2472 1407 2502 ut
1423 2470 1555 2502 auctor
1574 2465 1706 2512 gratiae
1723 2464 1771 2500 fi-

1000 2515 1103 2551 deles
1129 2515 1351 2561 patientiam
1370 2524 1436 2550 suo
1471 2513 1624 2550 doceret
1643 2521 1772 2549 exem·-

1000 2563 1082 2608 plo;
1105 2565 1141 2598 et
1156 2563 1280 2607 potius
1301 2561 1348 2597 ad
1363 2560 1622 2597 sustinendum
1641 2560 1772 2612 adver-

1000 2619 1041 2645 sa
1059 2608 1206 2645 fortiter
1219 2607 1437 2652 instrueret,
1456 2617 1568 2654 quam
1583 2608 1628 2643 ad
1646 2606 1770 2642 vindl—

1000 2656 1159 2692 candum
1177 2660 1413 2702 provocaret.
1435 2668 1454 2687 »
1478 2653 1656 2691 Prohibet
1678 2662 1768 2698 ergo

1000 2702 1182 2739 Dominus
1210 2702 1468 2738 defensionem
1496 2710 1702 2744 armorum,
1721 2709 1769 2735 ne

1001 2749 1158 2785 clericus
1193 2751 1309 2786 armis
1345 2759 1513 2796 pugnare
1550 2749 1767 2794 praesumat.

1000 2797 1105 2834 Unde
1125 2797 1342 2834 Ambrosius
1369 2809 1380 2832 ε
1409 2812 1426 2828 «
1452 2796 1566 2833 Arma
1582 2805 1668 2833 mea
1683 2796 1769 2832 sunt
