1872 3147
108 147 149 180 10
559 146 766 181 SECUNDA}
806 145 962 180 PARTIS
999 144 1136 178 CAPUT
1175 145 1284 179 Li⁷111

119 217 343 263 consideret,
364 228 451 255 nam
484 216 644 254 imitatio
675 215 815 253 Christi
835 219 893 252 est

117 275 264 302 summa
295 271 332 302 et
361 265 528 312 perfecta
561 261 693 309 religio
719 263 888 316 perfecti.

116 313 204 350 Haee
225 316 283 349 est
301 314 432 366 regula
448 316 483 348 et
500 311 691 365 exemplar
705 310 890 364 perfecti-

115 359 198 396 onis
225 359 349 396 omnis
379 359 464 396 vitae
491 364 527 395 et
560 358 725 404 virtutis,
747 358 890 395 scilicet

113 407 214 444 Chri
219 411 298 444 tum
337 405 477 444 imit-iri
511 406 550 443 in
575 405 768 451 Pessime,
792 409 829 442 et
852 405 890 442 in

116 457 250 490 morte.
275 455 328 490 Sit
349 465 439 495 ergo
463 459 593 490 nostra
612 453 742 500 regula
762 453 890 489 viven-

114 501 165 544 di,
188 502 315 538 Passio
338 500 670 545 Salvatoris;nam
685 503 790 538 tanto
811 504 890 536 am-

116 548 214 594 plius
233 549 462 593 desolamur,
487 552 627 594 quanto
654 549 701 585 ab
726 550 797 584 hoc
824 559 894 584 ex·-

119 594 278 641 emplari
305 600 341 634 et
377 595 511 642 regula
541 595 703 642 amplius
737 595 894 640 elonga-

117 653 216 679 mur.
240 643 396 697 Semper
422 654 527 690 ergo,
549 647 732 689 quantum
768 643 806 679 in
831 653 899 678 no-

121 690 180 726 bis
206 694 275 734 (st,
302 690 463 727 velimus
483 691 530 726 ab
557 691 731 727 omnibus
753 689 898 726 concul-

119 736 210 778 cari
234 737 345 783 dejici
367 737 610 784 ettilipendi,
632 737 752 781 illudi,
774 747 900 796 perse-

117 784 307 821 cntionem
329 785 419 831 pati,
438 783 899 831 ssagzelliri,et1nuix1nis

118 831 310 877 obsequiis
345 834 392 870 ab
432 833 610 870 omnibus
662 830 896 884 exprobrari.

119 878 244 916 Simus
278 879 366 916 nudi
392 890 476 916 (um
498 880 616 922 nudo,
639 883 676 915 et
716 878 810 914 nihil
834 889 898 924 pe-

118 925 220 962 nitus
254 927 448 973 cupiamus
473 928 626 970 habere,
656 925 731 962 imo
759 926 900 962 babere

120 973 265 1018 aliquid
288 976 334 1010 sit
356 974 464 1010 nobis
493 973 715 1020 gravissima
736 984 847 1019 poena
865 976 902 1009 et

120 1021 230 1057 dolor
262 1020 448 1058 intensus.
481 1022 766 1058 Abhorreamus
799 1020 900 1056 dele-

119 1067 271 1104 ctabilia
299 1072 335 1104 et
363 1069 486 1105 dulcia
520 1068 736 1114 degustare,
776 1071 812 1103 et
840 1078 903 1115 po-

120 1114 196 1153 tius
217 1115 377 1152 velimus
398 1115 534 1152 vilibus
553 1120 589 1151 et
605 1117 745 1152 amaris
766 1115 900 1160 cibari,

123 1162 210 1208 quia
231 1162 309 1208 ipse
339 1162 410 1199 fuit
442 1163 526 1199 selle
548 1167 585 1199 et
607 1168 714 1199 aceto
734 1166 899 1208 potatus.

123 1211 168 1246 Et
194 1213 234 1246 ut
267 1210 434 1248 breviter
453 1210 592 1254 dicam,
617 1209 904 1246 consideremus

126 1268 209 1303 quae
232 1268 301 1304 pro
323 1257 433 1294 nobis
461 1257 653 1301 sustinuit,
676 1261 713 1294 et
742 1257 905 1303 qualiter

127 1315 166 1342 se
196 1304 234 1342 in
264 1305 500 1349 passionibus
521 1305 668 1349 habuit,
692 1308 728 1340 et
751 1315 820 1341 nos
841 1315 905 1350 pro

128 1351 280 1388 modulo
307 1356 456 1396 nostro,
485 1357 665 1397 quantum
691 1362 906 1399 possumus,

131 1399 413 1436 conformemur
429 1400 566 1436 eidem.
584 1420 620 1426 -
644 1400 831 1443 Secundo,
845 1400 908 1435 de-

130 1447 261 1483 bemus
293 1446 535 1484 considerare
563 1457 646 1483 eam
678 1447 723 1488 ad
754 1457 906 1492 compa-

129 1493 314 1547 tiendum.
331 1495 521 1531 Del><mus
539 1494 640 1530 enim
662 1493 905 1530 considerare

129 1540 245 1586 ipsius
278 1541 443 1587 flagella,
474 1541 671 1578 illusiones
699 1544 733 1577 et
771 1552 904 1588 oppro-

128 1588 227 1630 bria,
248 1592 285 1624 et
301 1588 340 1624 in
362 1589 474 1625 corde
498 1592 626 1625 nostro
647 1588 841 1624 ruminare
867 1591 904 1625 et

126 1635 342 1681 imaginari.
361 1641 504 1682 quanta
524 1638 571 1672 sit
592 1635 750 1682 deJ'ectio
772 1639 809 1671 et
822 1646 903 1671 con-

132 1686 299 1729 temptus
341 1694 429 1729 ergi
469 1683 669 1719 Dominum
710 1687 901 1735 nostrum,

128 1733 292 1776 quantus
324 1730 446 1776 dolor,
472 1734 658 1777 quantave
690 1730 844 1768 afflictio
864 1730 903 1765 in

127 1777 241 1813 corde
267 1780 303 1814 et
335 1787 448 1824 opere
473 1789 567 1819 suo;
600 1782 637 1813 et
654 1778 767 1829 quod
806 1777 902 1814 ratio

125 1824 317 1862 Passionis
343 1829 380 1861 et
410 1824 682 1871 compassionis
714 1836 790 1861 suae
814 1835 902 1871 pec-

125 1877 209 1908 cata
235 1876 364 1908 nostra
390 1872 478 1909 sint.
509 1874 684 1918 Magnam
718 1873 902 1909 habemus

123 1919 321 1956 materiam
346 1919 476 1959 flendi.
504 1924 540 1955 et
566 1930 717 1956 causam
734 1919 901 1966 lugendi,

127 1968 156 2003 si
181 1966 315 2003 intime
336 1969 544 2020 cogitemus
570 1978 640 2021 qu
636 1969 666 2002 d
690 1978 819 2003 sumus
840 1978 901 2003 oc-

125 2013 228 2050 casio
264 2014 368 2050 necis
401 2013 485 2059 uni„
479 2014 585 2051 eniti
622 2014 704 2051 Filii
738 2015 816 2059 Dei,
849 2014 903 2051 rei

128 2061 228 2098 laesae
251 2062 460 2108 majestatis
491 2063 584 2108 ejus.
615 2061 904 2098 Consideremus

128 2112 268 2154 quanta
278 2113 367 2145 tunc
382 2109 634 2146 amaritudine
646 2109 809 2156 repletus
824 2113 905 2145 erat

123 2157 354 2202 Angeloium
378 2156 562 2198 dulcedo:
587 2161 768 2204 quantum
792 2159 905 2193 etiam

127 2205 360 2256 aggravabat
384 2215 469 2240 eum
510 2215 584 2241 non
611 2208 760 2241 tantum
786 2215 907 2251 poenae

129 2250 248 2286 illatio
277 2254 314 2287 et
334 2255 461 2287 nostra
483 2251 728 2297 ingratitudo,
754 2253 817 2288 sed
845 2263 907 2289 as-

129 2297 296 2334 sistentis
329 2298 441 2335 etiarn
479 2299 606 2336 Matris
633 2310 709 2336 suae
739 2299 908 2344 afflictio,

133 2355 246 2390 quam
269 2346 321 2382 sic
343 2346 535 2391 diligebat,
556 2351 593 2383 et
620 2348 725 2393 quasi
748 2347 909 2383 deficere

129 2402 207 2438 prae
224 2393 493 2438 compassionis
505 2394 634 2430 dolore
646 2394 809 2431 videbat.
825 2396 908 2431 Jam

128 2450 218 2485 ergo
253 2440 480 2486 transfigant
520 2441 646 2478 cordis
673 2453 704 2477 n·
715 2443 790 2477 stri
822 2441 906 2478 inti-

126 2497 188 2522 ma
209 2487 288 2539 eJ'us
310 2487 484 2531 convitia,
500 2488 651 2533 flagella
667 2492 704 2525 et
723 2489 901 2534 vulneia;

125 2545 194 2570 nec
220 2545 258 2569 ln
286 2534 396 2571 nohis
417 2535 462 2571 sit
485 2536 585 2581 quod
607 2547 682 2571 non
703 2537 907 2582 pertunda—

125 2583 186 2617 tur
204 2592 246 2617 ex
264 2582 536 2634 compassione,
562 2586 598 2619 et
619 2594 695 2618 non
713 2583 812 2627 afflig
807 2588 905 2621 atur

124 2628 254 2665 dolore
278 2628 477 2666 immenso.
508 2652 525 2655 —-
565 2630 705 2676 Tertio,
728 2631 902 2667 conside-

122 2686 249 2713 remus
270 2676 319 2712 ad
343 2676 574 2721 mirandum,
606 2677 707 2724 quis,
748 2688 830 2724 quae
867 2683 904 2716 et

120 2733 189 2769 pro
212 2723 350 2769 quibus
368 2734 504 2778 passus
524 2728 603 2769 est;
628 2729 665 2762 et
685 2728 740 2762 est
760 2726 806 2762 de
827 2737 902 2770 quo

121 2770 281 2808 multum
303 2771 431 2808 mirari
468 2772 664 2809 debemus.
689 2772 779 2816 Quis
796 2772 812 2808 9
833 2773 898 2810 Dei

968 215 1109 252 scilicet
1121 215 1200 262 ipse
1215 214 1341 258 Filius,
1353 217 1449 253 Deus
1462 228 1588 262 verus,
1598 226 1743 254 summe

966 267 1114 309 potens,
1137 262 1288 309 sapiens
1311 266 1348 299 et
1373 263 1508 301 honus.
1532 265 1606 302 Sed
1627 263 1740 317 quae‘?

969 311 1336 356 Peregrinationem,
1360 311 1501 356 fugam,
1518 312 1670 355 samem,
1691 310 1743 347 si-

967 357 1050 400 tim
1086 358 1217 404 frigus,
1257 357 1436 400 calorem
1482 362 1742 412 tempestates,

969 406 1161 449 horrores,
1190 404 1482 451 persecutiones,
1511 405 1742 443 observatio-

970 463 1050 497 nes,
1088 452 1248 496 vincula,
1284 452 1447 499 flagella,
1471 453 1670 490 illusiones
1707 455 1745 489 et

973 500 1133 536 dolores.
1156 501 1385 546 Conspuitur
1418 500 1550 546 gloria.
1581 504 1746 537 contem-

972 546 1076 583 nitur
1094 547 1255 593 J'ustitia,
1279 548 1395 584 Judex
1412 547 1618 594 judicatur,
1640 547 1746 584 inof-

973 594 1102 631 fensus
1128 594 1356 641 inculpatur.
1383 596 1565 632 innocens
1586 594 1747 631 infama-

974 645 1058 686 tur,
1100 643 1196 678 Deus
1237 642 1534 688 blasphematur,
1580 641 1749 679 Christus

976 690 1230 733 conculcatur,
1263 689 1339 726 vita
1376 689 1575 733 occiditur,
1605 690 1659 726 sol
1685 688 1748 725 ob-

977 739 1163 780 scuratur,
1176 737 1266 774 luna
1284 736 1516 783 denigratur,
1535 718 1661 773 si’dera
1677 736 1749 772 dis-

975 788 1197 830 perguntur.
1218 784 1290 820 Sed
1310 795 1378 830 pro
1398 784 1534 830 quibus
1556 785 1637 820 haee
1656 782 1750 830 pati-

977 831 1070 866 tur?
1092 832 1163 867 Pro
1180 831 1667 884 sceleratissimisinimicis,
1681 841 1748 877 pro

978 878 1219 923 nequissimis
1251 878 1459 923 mancipiis,
1491 889 1558 924 pro
1585 883 1752 915 contem-

978 925 1155 978 pt01ibus
1165 925 1300 961 divinae
1319 926 1539 978 maJestatis,
1553 929 1589 963 et
1608 936 1673 971 pro
1690 924 1750 961 in·

979 972 1094 1018 gratis
1121 971 1258 1008 divinae
1291 972 1436 1019 pietati.
1469 974 1566 1019 Ergo
1592 972 1678 1009 talis
1713 975 1750 1009 et

979 1024 1121 1063 tantus,
1138 1019 1229 1055 talia
1248 1023 1284 1056 et
1304 1024 1423 1063 tanta,
1439 1030 1508 1066 pro
1526 1025 1603 1057 tam
1618 1019 1751 1056 vilissi-

980 1068 1050 1103 mis
1067 1071 1103 1102 et
1124 1067 1277 1113 abJ'eetis
1290 1078 1426 1113 passus
1445 1066 1512 1104 est'.
1537 1068 1608 1104 Sed
1628 1078 1651 1104 a
1670 1066 1749 1113 qui-

980 1115 1080 1150 bus?
1111 1115 1142 1150 A
1177 1113 1390 1167 sprcialiter
1424 1115 1579 1156 dilectis
1617 1115 1751 1161 quibus

982 1172 1132 1198 omnem
1164 1161 1433 1207 benignitatem
1462 1162 1640 1205 ostendit
1666 1165 1703 1198 et
1729 1172 1752 1198 a

981 1208 1183 1253 iilissimis,
1216 1220 1238 1245 a
1262 1209 1505 1254 stultissimis,
1538 1210 1585 1246 ab
1613 1208 1751 1256 impiis,

982 1255 1186 1309 maximus,
1210 1256 1405 1301 sapientis,
1410 1257 1528 1301 imus,
1550 1260 1586 1293 et
1607 1266 1752 1293 summe

982 1303 1086 1350 pius3
1107 1308 1143 1340 et
1162 1315 1184 1340 a
1201 1303 1305 1340 sanie
1326 1304 1564 1340 foetidissima
1575 1303 1753 1357 splendor

983 1357 1157 1387 aeternuS.
1180 1350 1250 1387 Et
1240 1363 1279 1387 in
1295 1351 1352 1387 his
1366 1351 1568 1388 omnibus
1558 1363 1596 1388 in
1615 1350 1752 1388 divinae

982 1398 1132 1444 pietatis
1170 1398 1422 1436 admiratione
1461 1399 1667 1436 elevemur.
1707 1418 1752 1425 —

983 1446 1135 1489 Quarto,
1159 1445 1443 1483 consideremus
1462 1457 1546 1483 eam
1564 1446 1612 1483 ad
1630 1445 1753 1482 exsul-

983 1493 1150 1529 tandum.
1175 1493 1367 1529 Exsultare
1386 1493 1424 1529 in
1444 1505 1488 1530 ea
1504 1494 1686 1530 debemus
1708 1494 1753 1530 tle

982 1539 1243 1586 redemptione
1272 1541 1451 1585 humana,
1480 1540 1754 1577 restauratione

981 1587 1151 1633 angelica
1171 1591 1207 1623 et
1227 1587 1427 1625 clementia
1447 1588 1587 1624 divina.
1616 1589 1670 1624 De
1695 1598 1753 1624 re-

981 1634 1197 1680 demptIOne
1216 1635 1380 1672 humana
1399 1636 1478 1672 sine
1503 1635 1616 1672 dubio
1643 1634 1755 1672 nimis

980 1684 1147 1727 gaudere
1178 1682 1372 1725 dehemus,
1401 1683 1500 1718 facta
1519 1693 1587 1729 per
1613 1682 1752 1718 Christi

981 1728 1199 1765 Passionem
1221 1733 1257 1765 et
1285 1711 1457 1767 mor'tem.
1486 1731 1588 1774 Quis,
1611 1740 1752 1776 quaeso,

981 1787 1054 1814 non
1085 1776 1243 1814 exsultet
1263 1780 1299 1812 et
1322 1777 1498 1822 gaudeat,
1517 1787 1602 1814 cum
1624 1781 1753 1814 cernat

981 1835 1019 1860 se
1037 1834 1104 1870 per
1124 1825 1222 1860 hanc
1241 1824 1478 1871 redemptum
1499 1835 1521 1860 a
1540 1824 1751 1861 damnatio-

980 1882 1026 1907 ne
1048 1875 1203 1915 eeterna,
1223 1882 1244 1907 a
1262 1871 1381 1917 culpae
1402 1871 1622 1919 ignominia,
1640 1883 1663 1908 a
1681 1882 1752 1918 po-

980 1922 1114 1955 testate
1138 1918 1353 1955 diabolica?
1372 1921 1609 1956 Exsultemus
1635 1920 1750 1956 etiam

981 1966 1080 2013 quod
1101 1977 1168 2012 per
1194 1966 1330 2003 Chr1sti
1359 1967 1579 2020 Passionem
1609 1970 1752 2003 restau-

981 2018 1062 2050 rata
1084 2017 1140 2050 est
1167 2013 1339 2059 angelica
1367 2014 1489 2051 ruina.
1513 2016 1650 2060 Magna
1670 2024 1751 2060 pre-

982 2060 1128 2097 tiositas
1142 2061 1253 2098 debet
1268 2072 1350 2098 esse
1365 2062 1471 2098 nohis
1483 2072 1567 2099 cum
1582 2061 1753 2098 videmus

982 2119 1049 2162 per
1070 2109 1205 2145 Christi
1225 2114 1384 2162 mortem
1404 2113 1480 2146 tam
1498 2109 1626 2146 nobile
1645 2109 1755 2145 colle-

983 2157 1086 2202 gium
1109 2155 1278 2203 reparari
1298 2156 1344 2192 de
1358 2157 1480 2202 nobis,
1497 2160 1538 2193 ut
1552 2157 1618 2193 fiat
1636 2166 1753 2193 unum

984 2204 1079 2240 ovile
1102 2206 1137 2239 et
1158 2214 1252 2239 unus
1275 2207 1414 2248 pastor,
1435 2209 1471 2240 et
1497 2203 1614 2240 simus
1633 2214 1752 2240 unum

984 2252 1030 2287 de
1061 2262 1149 2287 uno.
1181 2251 1374 2298 Praecipue
1404 2255 1531 2305 autem
1566 2252 1753 2288 exsultare

984 2299 1164 2335 debemus
1182 2304 1379 2335 cernentes
1403 2298 1440 2335 in
1461 2298 1650 2352 praedictis
1669 2308 1751 2335 om-

984 2346 1094 2383 nibus
1127 2356 1313 2382 summam
1346 2345 1494 2382 Domini
1530 2345 1650 2382 nostri
1684 2345 1755 2383 cle-

983 2394 1178 2431 mentiam.
1199 2393 1281 2436 Ubi,
1301 2404 1442 2447 quaeso,
1464 2394 1585 2440 magis
1599 2397 1753 2440 apparet

983 2440 1252 2494 benignissima
1264 2440 1751 2494 Doniiniclementia‚quani

983 2490 1017 2524 in
1044 2487 1224 2524 Passione
1252 2489 1350 2524 sua?
1373 2488 1442 2524 Ubi
1463 2492 1541 2525 tam
1560 2488 1686 2541 turpia
1717 2491 1755 2524 et

982 2537 1111 2581 gravia
1146 2535 1330 2572 sustinere
1354 2535 1472 2572 voluit
1502 2546 1570 2582 pro
1600 2534 1752 2572 inimico

982 2594 1049 2620 suo
1088 2583 1284 2620 liberando
1318 2586 1354 2619 et
1386 2582 1649 2629 glorificando,
1689 2581 1752 2629 qui

980 2629 1192 2677 puniendds
1213 2633 1294 2667 erat
1313 2632 1478 2684 quad-am
1499 2633 1617 2668 morte
1642 2634 1753 2666 aeter-

981 2678 1057 2714 na?
1076 2698 1118 2705 —-—
1142 2678 1292 2721 Quinto.
1317 2678 1601 2716 consideremus
1619 2677 1753 2713 beatis-

981 2725 1115 2763 simam
1130 2724 1268 2763 Christi
1279 2725 1512 2770 Passionem,
1523 2725 1570 2762 ad
1581 2723 1751 2761 cordium

940 2809 945 2822 ,
981 2776 1194 2810 nostrorum
1207 2773 1476 2811 resolutionem
1489 2772 1525 2808 in
1541 2770 1748 2815 Christum,
