1924 3157
158 232 215 265 180

155 299 270 337 tuosis
299 299 446 344 oportet
469 292 609 338 aliquid
637 300 776 336 ponere
798 289 842 325 de
870 301 933 326 no-

152 351 243 387 stro,
277 345 417 381 scilicet
453 342 699 381 voluntatem,
727 341 763 373 et
790 336 931 383 aliquid

151 394 317 437 recipere
339 403 360 427 a
388 392 477 431 Deo,
500 387 639 425 scilicet
669 385 850 431 operandi
875 386 930 420 t'a·

151 442 327 477 cultatem
348 451 355 480 3
378 438 450 478 vel,
474 448 496 473 a
519 437 596 472 Deo
618 431 822 478 recipimus
846 443 931 477 gra-

149 487 240 524 tiain
263 484 570 531 praevenientem,
591 481 637 517 de
657 483 789 517 nostro
807 483 932 515 autem

148 533 372 581 apponimus
417 531 647 567 voluntatem
695 527 930 572 subsequen-

149 587 236 618 tem.
255 579 430 624 Quamvis
446 589 535 625 ergo
555 576 682 613 multae
699 574 782 611 aliae
805 573 932 609 mulie-

147 640 207 666 res
222 627 424 665 Dominum
438 628 699 672 sequerentur.
711 621 790 657 isiae
804 624 928 656 tamen
968 638 971 646 ·

146 675 334 724 praecipue
354 676 552 715 venerunt,
571 671 661 719 quia
676 668 824 705 Christo
846 668 928 714 pliis

147 723 321 770 obligatae
346 725 468 765 crant,
490 732 531 756 ex
551 730 595 756 eo
617 717 716 764 quod
737 716 845 762 plura
864 716 928 751 be-

144 770 280 808 noticia
301 771 348 807 ab
367 781 410 806 eo
432 772 665 814 receperant.
691 763 809 800 Maria
827 761 927 798 enim

145 818 366 865 Magdalena
389 816 545 852 multum
565 813 711 851 Christo
727 810 928 846 tenebatur
966 844 969 854 1

146 865 233 912 quia
251 866 298 902 ab
320 875 364 901 ea
382 868 524 909 septem
536 858 723 897 daemonia
741 858 901 904 ejecerat
918 867 925 900 ;

146 913 261 949 Maria
270 915 393 949 autem
415 909 559 950 Jacobi,
572 912 607 945 et
620 908 794 943 similiter
809 905 927 940 Maria

146 960 294 998 salome
316 958 464 994 Chi-isto
486 957 644 992 multum
671 953 897 990 tenebantur
916 962 924 987 :

144 1011 223 1044 tum
242 1006 328 1053 quia
350 1015 465 1051 nepos
484 1013 614 1040 earum
633 1006 727 1042 erat,
746 1004 825 1035 tum
841 997 927 1044 quia
965 1025 967 1036 ,

144 1054 245 1091 iiiios
267 1064 354 1090 suos
381 1050 609 1095 cardinales,
628 1049 665 1084 id
690 1050 747 1084 est
769 1048 925 1092 Aposto-

145 1103 202 1139 los
224 1103 380 1138 fecerat.

193 1152 212 1185 5
227 1151 302 1186 Cur.
321 1150 360 1184 B.
384 1149 504 1183 Mania
523 1146 641 1182 Viaco
668 1154 712 1179 An
738 1151 924 1178 MONUMEN-
963 1145 965 1157 ³

144 1209 214 1234 Tou
244 1207 316 1233 Nox
342 1194 521 1231 veiveair‘?
543 1213 585 1219 —
607 1191 680 1229 Sed
707 1189 843 1225 mirum
870 1187 922 1223 vi-

145 1245 254 1281 detur
293 1244 391 1290 quod
425 1244 539 1278 Beata
574 1241 687 1285 Virgo
718 1247 801 1273 cum
841 1236 923 1271 istis

144 1291 367 1328 mulieribus
386 1289 432 1325 ad
448 1290 730 1325 monumentum
747 1295 818 1320 non
841 1283 920 1328 ivit,

144 1339 208 1376 sed
230 1339 330 1375 domi
355 1338 550 1374 remansit.
572 1336 690 1381 Super
707 1333 778 1385 hoc
794 1335 921 1367 autem

144 1390 300 1432 possunt
325 1389 402 1421 tres
437 1394 559 1420 causae
595 1381 795 1426 assignari.
828 1380 920 1423 Una,

144 1434 232 1480 quia
251 1435 370 1469 Mater
384 1431 623 1477 sepulchrum
644 1427 724 1464 Fiiii
745 1428 826 1462 sine
841 1436 921 1461 ma-

144 1492 218 1528 gno
240 1481 372 1517 dolore
398 1479 525 1515 videre
562 1488 637 1513 non
664 1473 862 1522 potuisset,
885 1476 922 1509 et

144 1529 305 1565 maxime
330 1530 501 1563 recenter
516 1522 668 1571 sepulti.
689 1522 726 1559 Si
747 1521 847 1557 enim
867 1531 922 1556 se·
961 1546 962 1566 ἒ

144 1576 341 1623 pulchrum
362 1573 443 1610 Filii
464 1572 633 1615 vidisset,
652 1569 756 1616 quasi
780 1568 921 1604 doloris

144 1623 290 1671 gladius
310 1622 476 1659 animam
500 1621 580 1667 ejus
614 1618 855 1665 perforasset.
878 1617 922 1651 Et

143 1670 232 1707 satis
253 1669 448 1717 probabile
460 1671 515 1705 est
536 1666 635 1714 quod
655 1667 684 1701 si
708 1664 763 1700 ire
785 1662 920 1700 voluis·
960 1705 962 1711 A

143 1721 212 1758 set,
234 1719 398 1754 Joannes
415 1717 496 1763 ejus
511 1719 635 1751 custos
653 1713 724 1748 hoc
743 1723 818 1747 non
836 1721 921 1756 pei·-

143 1764 332 1808 misisset;
368 1763 443 1800 imo
471 1764 585 1799 etiam
617 1759 731 1796 ceteri
752 1757 921 1805 Apostoli

143 1812 326 1848 dixissent
356 1810 491 1847 Joanni
518 1821 526 1845 ε

143 1870 226 1896 cam
247 1859 301 1895 ire
323 1859 531 1904 permittas,
555 1855 642 1902 quia
661 1853 691 1890 si
713 1852 811 1896 ierit,
835 1856 920 1888 tan-

143 1911 222 1943 tum
251 1905 301 1942 ibi
329 1905 435 1941 flebit
458 1908 493 1940 et
528 1915 567 1939 se
607 1899 786 1938 mactabit
820 1900 920 1946 quod

142 1954 220 1990 fere
242 1964 281 1989 se
301 1952 447 1989 occidet
471 1971 515 1978 —-
531 1949 703 1987 Secunda
723 1958 836 1984 causa
851 1952 918 1992 est,
958 1952 960 1971 ²

142 2000 232 2046 quia
250 2000 289 2036 iu
310 2002 513 2036 Parasceve
541 2002 578 2034 et
596 1997 751 2033 sabbato
774 1998 921 2031 tantum

142 2051 299 2084 fleverat
311 2051 545 2083 ettantumse
564 2046 805 2081 mactaverat.
821 2043 920 2089 quod

141 2096 255 2132 etium
282 2095 470 2131 sustinere
506 2105 544 2130 se
574 2103 647 2128 non
686 2093 839 2137 posset3
883 2093 921 2125 iit

142 2143 241 2179 cuim
263 2142 353 2179 dicit
374 2141 594 2181 Berncirdus,
621 2138 788 2185 oportuit
821 2137 921 2183 quod
960 2146 961 2186 i

142 2190 241 2227 inter
278 2201 411 2226 manus
437 2188 705 2235 discipulorum
728 2191 921 2230 tamquam
959 2189 961 2219 ῑ

142 2237 322 2274 semiviva
350 2237 397 2273 de
429 2247 538 2273 cruce
571 2235 618 2271 ad
646 2234 798 2270 domum
825 2242 920 2278 pro-

141 2286 261 2332 priam
287 2288 512 2331 portaretur.
536 2282 639 2319 Unde
672 2283 709 2317 et
739 2281 920 2323 sluaa-sti-

141 2343 208 2368 nus
230 2344 237 2367 :
262 2346 279 2366 α
303 2332 369 2368 llla
393 2333 451 2377 pia
471 2333 588 2367 Mater
610 2327 767 2365 immani
787 2327 918 2364 dolore

141 2379 299 2425 ejulans.
322 2384 359 2415 et
390 2382 543 2424 pectora
565 2376 725 2413 delicata
755 2378 915 2411 contun-

141 2427 247 2469 dens,
260 2426 314 2462 ita
332 2426 478 2462 visi-era
492 2424 620 2461 omnia
640 2423 861 2468 fatigaverat
880 2425 918 2458 et

140 2475 324 2517 membra,
344 2477 385 2509 ut
407 2474 486 2520 jam
507 2483 619 2508 sensu
641 2471 834 2513 deficiens,
858 2469 916 2505 vix

138 2520 322 2567 potuisset
332 2521 379 2556 ad
394 2523 505 2556 t'unus
517 2517 654 2555 Christi
668 2519 878 2564 pervenire.
892 2530 911 2548 »

135 2588 181 2595 -
212 2567 336 2604 Tertia
366 2578 477 2604 causa
504 2570 573 2610 est,
604 2565 692 2612 quia
720 2563 913 2611 praedictae

135 2615 312 2652 mulieres
332 2616 517 2661 putabant
534 2624 669 2659 corpus
688 2611 824 2649 Christi
844 2611 910 2647 ad-

133 2662 256 2699 hucin
277 2665 520 2698 monumento
541 2671 639 2704 esse,
659 2664 695 2695 et
720 2659 909 2702 volebant,

131 2713 243 2756 prout
287 2708 492 2755 antiquitus
535 2706 765 2744 consuetudo
804 2708 908 2749 erat,

131 2758 255 2805 ipsum
275 2768 410 2804 corpus
431 2756 626 2803 inungere,
645 2759 684 2791 ut
705 2763 906 2790 conserva-

131 2809 234 2842 retur
252 2816 275 2842 a
295 2805 443 2848 scetere,
465 2808 502 2840 et
524 2814 546 2839 a
564 2801 748 2839 vermium
775 2811 909 2837 corro-

132 2853 249 2900 sione,
273 2855 309 2890 ct
329 2853 375 2890 ab
395 2849 668 2889 incineratione
686 2860 694 2893 3
717 2848 783 2885 sed
798 2850 903 2885 eraut
943 2889 945 2893 ¹

551 1808 658 1845 Nullo
692 1808 802 1842 modo
833 1805 921 1841 illuc
959 1805 961 1844 Ξ

609 221 820 255 SECUNDAE
858 221 1016 256 PARTIS
1055 222 1195 255 CAPUT
1235 221 1325 255 Lxx

970 292 974 312 ³
1008 291 1186 337 deceptae,
1207 289 1293 335 quia
1311 300 1446 336 corpus
1464 290 1601 328 Christi
1623 297 1704 330 erat
1720 294 1782 330 de-

1009 339 1097 374 itate
1112 337 1231 372 iiibals
1245 340 1413 378 iniatum,
1427 343 1461 373 et
1479 337 1577 380 ideo,
1594 341 1622 375 si
1638 341 1780 386 perde-

1008 396 1087 421 cein
1111 384 1227 420 miliia
1253 395 1437 420 annorum
1461 385 1498 420 in
1526 389 1627 423 terra
1656 387 1781 424 latuis-

1009 435 1288 485 sen-numquam
1303 431 1479 476 potuisset
1493 434 1701 479 putrefieri,
1714 445 1782 472 nec

1010 489 1225 523 incinerari,
1261 489 1329 515 nec
1353 489 1376 515 a
1406 479 1595 517 vermibus
1619 481 1783 519 corrodi.

1008 528 1123 563 Beata
1152 530 1278 563 autem
1311 525 1423 572 Virgo
1451 526 1572 569 scivit,
1599 529 1697 574 quod
1731 528 1783 566 ibi

1007 585 1083 610 non
1118 581 1221 617 erat,
1250 573 1314 610 sed
1336 573 1424 618 quia
1449 574 1528 619 jam
1560 574 1784 612 immortalis

1008 625 1043 657 et
1076 620 1374 668 incorruptibilis
1393 625 1617 667 surrexerat,
1641 626 1678 658 et
1698 621 1783 659 ideo

1006 668 1093 705 illuc
1127 668 1180 704 ire
1211 669 1376 713 nolebat,
1399 667 1496 704 sicut
1526 679 1594 705 nec
1619 672 1781 716 poterat.

1006 718 1089 762 Ipsa
1103 716 1230 762 itaque
1244 727 1286 752 ex
1301 727 1373 762 quo
1393 715 1628 762 unigenitum
1650 716 1783 754 Filium

967 771 969 803 i
1006 774 1112 816 suum
1135 765 1268 807 teneri,
1293 763 1476 809 flagellari
1493 770 1529 800 et
1546 763 1715 810 cruciligi
1733 765 1783 801 vi-

966 815 969 823 ‘
1005 811 1072 855 dit,
1094 811 1264 847 delicatis
1286 810 1459 847 manibus
1478 810 1638 848 delicata
1657 816 1783 857 pecto-

966 904 968 910 Α
1004 868 1047 910 ra
1074 858 1250 902 tundens,
1272 862 1309 894 et
1340 869 1380 894 se
1401 857 1516 894 nimio
1539 859 1670 895 dolore
1692 859 1783 906 vigi-

966 915 968 960 ἐ
1004 905 1139 950 liisque
1161 911 1196 941 et
1213 904 1369 951 Jejuniis
1387 904 1574 950 affligens,
1591 906 1671 952 jam
1691 906 1782 942 viri-

966 964 968 980 i
1004 952 1237 1005 bus-pariter
1270 956 1306 988 et
1327 951 1460 997 spiritu
1482 956 1689 999 attenuata,
1711 953 1783 990 ali-

1004 1000 1087 1035 cubi
1109 999 1189 1035 sola
1214 999 1251 1035 in
1277 1003 1420 1035 secreto
1441 1000 1576 1035 domus
1598 1001 1752 1038 sedehat
1771 1012 1780 1045 ;

1004 1052 1041 1082 et
1060 1047 1106 1082 de
1132 1046 1188 1082 his
1210 1057 1293 1092 quae
1314 1046 1382 1082 sibi
1396 1048 1614 1083 acciderant
1633 1048 1784 1085 calami-

964 1098 965 1118 i
1004 1093 1155 1137 tatibus,
1179 1094 1461 1130 lamentabatur
1487 1098 1523 1130 et
1541 1095 1668 1132 flebat.

1049 1144 1069 1176 6
1100 1143 1296 1177 APPARITIO
1336 1152 1443 1177 PRIMA
1485 1142 1618 1178 DOMINI
1654 1144 1782 1180 Minis:

1001 1189 1119 1224 MATm
1131 1200 1253 1225 FACTA.
1277 1209 1318 1214 —
1342 1188 1498 1225 Domina
1519 1188 1635 1235 igitur
1650 1195 1782 1228 orante

962 1253 963 1257 =
1000 1239 1035 1271 et
1069 1236 1252 1283 lacrymas
1279 1236 1437 1272 dulciter
1462 1236 1670 1282 emittente,
1696 1249 1781 1275 ecce

999 1283 1122 1336 subito
1136 1284 1237 1319 venit
1260 1284 1440 1319 Dominus
1457 1285 1565 1320 Jesus
1582 1284 1618 1320 in
1635 1285 1782 1322 albissi-

999 1341 1070 1367 mis
1086 1331 1249 1367 vestibus
1273 1330 1402 1377 gloriae
1423 1334 1458 1366 et
1480 1332 1780 1369 Resurrectionis

960 1374 963 1411 i
1001 1378 1176 1414 novitatis
1197 1389 1299 1422 suae;
1335 1378 1440 1414 vultu
1461 1389 1609 1423 screno,
1632 1379 1780 1426 specio·

960 1443 962 1450 ‹
999 1436 1074 1464 sus.
1100 1425 1302 1469 gloriosus.
1323 1430 1360 1461 et
1392 1427 1575 1472 gaudens,
1603 1437 1646 1463 ac
1671 1427 1778 1463 Matri

999 1473 1180 1509 desolaiae
1209 1477 1245 1509 et
1278 1474 1455 1509 moereiiti
1491 1477 1592 1509 totus
1623 1473 1779 1511 festivus

998 1531 1200 1566 apparens,
1224 1522 1275 1556 Ac
1297 1520 1359 1556 illa
1380 1520 1542 1556 adorans
1563 1524 1599 1557 et
1620 1532 1779 1568 surgens

960 1580 962 1600 ;
998 1579 1083 1604 cuni
1105 1567 1295 1614 lacrymis,
1317 1578 1395 1614 prce
1425 1567 1562 1613 gaudio
1588 1579 1672 1605 eum
1699 1579 1778 1605 am-

997 1615 1189 1661 plexatum
1215 1619 1252 1651 et
1283 1618 1362 1651 tota
1389 1615 1576 1652 acerbitas
1602 1617 1778 1653 moeroris

997 1664 1036 1699 in
1052 1663 1221 1699 laetitiam
1235 1662 1405 1699 vertitur.
1423 1663 1558 1699 Postea
1575 1663 1778 1700 conseden-

960 1718 962 1740 ῑ
998 1710 1096 1747 titius
1121 1710 1174 1746 eis
1198 1709 1356 1756 pariter,
1379 1709 1527 1747 curiose
1560 1711 1778 1748 intuebatur

959 1741 962 1793 i
998 1758 1172 1795 eumdem
1202 1757 1238 1793 in
1261 1758 1366 1793 vultu
1392 1761 1429 1794 et
1452 1757 1692 1795 cicatricibus
1713 1770 1778 1804 pei·

959 1849 961 1864 4
997 1809 1130 1849 totum,
1157 1804 1355 1857 diligenter
1391 1815 1565 1851 quaerens
1593 1805 1623 1841 si
1656 1806 1777 1842 omnis

959 1869 961 1892 ε
998 1863 1110 1898 poena
1134 1855 1344 1896 transisset,
1369 1856 1406 1888 et
1437 1852 1560 1889 omnis
1587 1853 1694 1889 dolor
1728 1854 1776 1890 ab

959 1894 961 1946 ζ
997 1910 1041 1936 eo
1062 1900 1309 1953 discessisset.
1331 1900 1358 1936 O
1382 1904 1521 1945 quanto
1541 1900 1680 1946 gaudio
1702 1902 1775 1937 Ma-

1000 1948 1265 2000 tenimpletur,
1286 1957 1368 1984 cum
1382 1947 1462 1994 ipsa
1481 1949 1615 1983 Natum
1635 1947 1774 1995 impas-

997 1995 1143 2031 sibilem
1163 1996 1346 2039 intuetur,
1370 2006 1444 2030 non
1466 1995 1587 2031 solum
1609 1995 1645 2031 in
1664 2002 1774 2032 aeter-

998 2053 1088 2078 num
1110 2042 1308 2086 victurum,
1331 2042 1397 2078 sed
1421 2045 1459 2078 et
1476 2042 1570 2078 coelo
1592 2047 1629 2078 et
1647 2046 1772 2087 terrae,

998 2088 1175 2135 omnique
1203 2095 1388 2126 creaturae
1408 2089 1566 2136 perenni
1594 2090 1681 2136 jure
1707 2091 1773 2126 do-

997 2137 1252 2173 minaturum!
1289 2139 1396 2174 Stant
1424 2137 1537 2183 igitur
1580 2142 1616 2173 et
1657 2138 1772 2174 collo-

997 2188 1162 2230 quuntur
1200 2184 1247 2220 ad
1285 2184 1447 2221 invicem
1486 2185 1694 2230 gaudentes
1730 2196 1773 2222 ac

958 2232 961 2281 j
998 2233 1142 2268 Pascha
1163 2231 1437 2269 delectabiliter
1456 2238 1492 2268 et
1511 2236 1683 2269 amanter
1705 2233 1772 2269 du-

957 2293 961 2328 ,-
995 2283 1143 2332 centes;
1171 2283 1208 2315 et
1233 2283 1360 2316 narrat
1398 2279 1432 2316 ei
1463 2279 1644 2316 Dominus
1665 2281 1771 2316 Jesus

957 2331 960 2387 j
994 2327 1344 2373 qualiterpopulum
1362 2326 1772 2364 suumliberavitdeiii-

956 2389 959 2402 ι
992 2375 1113 2427 seruo,
1136 2378 1172 2410 et
1191 2385 1274 2420 quae
1290 2374 1376 2410 fecit
1396 2374 1434 2411 in
1450 2374 1512 2410 illo
1529 2375 1664 2411 triduo,
1678 2375 1771 2410 Ecce

991 2424 1227 2473 igiturnunc
1250 2432 1428 2467 magnum
1449 2423 1603 2458 Pascha.
1632 2423 1682 2458 De
1700 2422 1770 2458 hac

991 2469 1242 2515 apparitione,
1262 2479 1336 2515 qua
1354 2473 1441 2505 ante
1460 2474 1604 2506 ceteros
1623 2469 1767 2514 Virgini

989 2516 1165 2563 gloriosae
1186 2516 1406 2561 apparuisse
1423 2516 1603 2561 creditur,
1616 2515 1709 2552 nihil
1731 2515 1768 2551 in

949 2545 954 2620 J
989 2563 1191 2609 Evangelio
1221 2565 1400 2609 liabetur3
1423 2564 1488 2600 sed
1526 2563 1611 2600 ideo
1648 2564 1768 2607 ipsam

948 2624 951 2667 i

990 2612 1107 2663 posui,
1128 2614 1163 2646 et
1183 2615 1269 2647 ante
1292 2611 1384 2647 alias
1402 2610 1581 2658 praemisi,
1605 2609 1693 2656 quia
1713 2611 1766 2646 sic

986 2669 1089 2703 pium
1122 2662 1177 2694 est
1199 2659 1366 2703 credere,
1403 2662 1514 2703 prout
1535 2658 1575 2693 in
1599 2657 1764 2703 quadani

985 2705 1161 2752 Legenda
1201 2706 1245 2742 de
1288 2704 1576 2742 Risui-rectione
1616 2704 1763 2740 Domini

983 2752 1131 2799 plenius
1152 2752 1379 2789 continetur.
1410 2755 1573 2799 Dignum
1597 2762 1763 2797 namque

983 2803 1077 2845 erat,
1097 2803 1137 2836 ut
1153 2802 1310 2837 Matrem
1328 2812 1406 2848 prae
1425 2799 1559 2836 ceteris
1577 2798 1762 2844 visitaret,

980 2850 1015 2883 et
1038 2847 1327 2885 Resiirrectionc
1353 2859 1421 2884 sua
1456 2846 1560 2895 prius
1584 2845 1763 2883 laetifica-
