1924 3157
382 144 433 179 DE
472 143 750 179 ASCENSIONE
791 143 944 179 DOMINI
983 142 1141 177 Nosrnl
1181 142 1283 177 JESU
1321 141 1499 210 cignlsTI
1706 142 1763 177 247

114 218 238 267 cipere
273 216 423 263 poteris,
445 217 519 252 Hoc
558 218 685 253 autem
717 215 818 263 quod
847 215 893 253 de

114 265 316 313 Evangelio
346 263 590 312 praedicando
625 263 775 309 dicitur,
800 264 895 301 sien-

112 315 201 352 dum
225 317 306 351 erat
330 318 415 360 post
446 313 701 359 receptionem
735 315 771 349 et
807 323 896 349 con-

113 361 367 399 firmationem
385 360 547 407 Spiritus
561 360 703 405 Sancti,
714 359 898 407 quoniam

112 413 197 448 ante
233 420 307 446 non
355 412 475 452 crant,
496 407 704 444 secundum
738 408 899 444 manda-

111 461 191 495 tum
213 457 365 501 Christi,
383 457 430 494 ab
445 457 656 493 Jerusalem
679 455 896 492 discessuri.

113 507 156 542 In
177 506 248 542 boc
271 507 385 542 etiam
405 504 505 551 quod
526 504 571 540 de
594 503 794 549 Evangelio
814 514 895 540 om-

113 553 224 590 nibus
244 552 488 600 praedicando
509 551 727 595 mandatur,
744 551 898 588 Judaeo·

114 612 198 638 rum
233 601 409 647 abjectio,
432 603 467 635 et
499 599 677 636 Gentium
699 599 832 635 electio
856 610 897 635 a-

114 648 329 697 pertissime
365 650 658 684 monstraretur.
700 646 768 690 Qui
806 657 896 694 ergo

113 696 220 744 prius
241 696 386 733 dixerat
415 707 423 732 :
452 697 493 731 Ιη
520 696 614 730 viam
652 695 820 731 Gentium
855 706 898 731 ne

113 745 296 786 abieritis,
314 754 413 780 nunc
431 742 520 780 dicit
537 743 762 778 :Praede‘cate
777 745 898 779 Euan-

113 793 251 839 9elium
285 793 385 828 omni
418 794 606 829 creaturae,
632 789 669 825 iii
703 793 759 826 est
794 790 897 827 omni

114 839 283 877 nationi:
306 839 428 887 primo
449 838 599 882 Judaeo,
617 838 783 874 secundo
802 839 897 875 Gen-

115 887 170 924 tili
194 899 201 924 :
225 887 313 934 quia
332 888 411 923 vult
437 897 557 923 omnes
579 887 741 922 homines
776 888 897 923 sulcos

113 938 207 982 fieri,
226 939 259 972 et
279 936 328 971 ad
339 936 562 980 aqnitionem
575 935 745 970 veritatis
759 936 893 972 venire.

159 988 180 1020 5
202 985 326 1020 NULLA
368 994 476 1019 SALUS
502 994 581 1018 smn
620 994 715 1027 rme,
734 994 813 1023 QUAE
831 994 896 1019 TA-

114 1044 185 1068 ΜΕΝ
203 1044 241 1067 ix
262 1043 376 1068 OPERE
396 1042 546 1068 osrnxni
567 1042 693 1067 DEBET.
716 1051 759 1058 -—
779 1029 893 1067 Dein-

112 1080 159 1118 de
180 1079 340 1116 salutem
358 1079 615 1127 promittendo
637 1078 894 1122 credentibus,

111 1133 149 1165 et
171 1128 457 1164 damnationem
480 1126 747 1163 comminando
768 1125 894 1162 incre-

112 1176 226 1221 dulis,
248 1175 440 1222 subjunxit
462 1186 469 1210 :
492 1175 563 1218 Qui
585 1175 797 1218 crediderit,
820 1174 895 1211 fide

113 1224 275 1261 formata
295 1229 332 1260 et
346 1234 414 1271 per
438 1221 681 1259 dilectionem
698 1226 894 1269 operante,

115 1271 258 1309 scilicet
277 1282 344 1319 per
366 1282 420 1316 se,
440 1274 481 1307 ut
511 1270 549 1306 in
576 1270 730 1315 adultis,
751 1270 809 1306 vel
829 1280 897 1317 per

113 1319 241 1366 alium,
263 1323 304 1356 ut
338 1319 376 1356 in
404 1318 594 1366 parvulis;
616 1322 649 1354 et
687 1319 897 1364 baptizatus

112 1370 240 1414 fuerit,
256 1368 447 1415 Baptismo
462 1377 587 1413 aquae,
598 1366 628 1402 si
644 1366 726 1403 fieri
742 1368 894 1413 poterit,

113 1417 240 1452 salvus
263 1418 345 1457 erit,
370 1420 513 1452 aeterna
544 1415 665 1452 salute
687 1425 709 1451 a
732 1414 896 1461 peccatis

115 1468 152 1502 et
170 1463 293 1512 poenis
314 1464 513 1500 liberante.
536 1465 617 1499 Non
640 1462 740 1499 enim
757 1461 898 1499 suflicit

116 1512 210 1549 fides
229 1513 368 1558 absque
392 1510 582 1558 Baptismo
601 1521 669 1557 per
690 1521 803 1557 quem
825 1510 895 1546 ali*

114 1559 198 1608 quis
215 1559 481 1606 incorporatur
503 1558 707 1603 Christo,si
730 1558 828 1595 adsit
847 1559 898 1595 fa-

112 1608 234 1645 cultas
259 1606 467 1654 recipiendi
492 1605 731 1653 Baptismum
755 1607 801 1643 ab
826 1606 895 1644 ali-

113 1667 199 1702 quo.
221 1654 257 1692 Si
279 1659 405 1692 autem
426 1666 501 1691 non
519 1654 617 1691 adsit
630 1654 804 1699 Facultas,
824 1654 898 1690 suf·

113 1704 191 1741 ficit
218 1704 425 1750 baptismus
445 1702 656 1748 sanguinis,
678 1706 718 1738 ut
740 1702 778 1738 in
799 1705 895 1739 Mar—

112 1751 270 1800 tyribus,
293 1750 357 1797 qui
385 1762 450 1796 pro
478 1751 625 1787 Christo
652 1750 896 1787 interm-iun-

112 1805 173 1837 tur
186 1803 388 1845 antequam
401 1799 476 1835 sint
489 1798 685 1845 baptizati3
702 1800 760 1834 vel
779 1799 896 1844 bapti-

113 1858 215 1884 smus
231 1846 409 1891 tlaminis,
426 1850 465 1882 ut
482 1846 521 1882 in
540 1846 766 1883 habentibus
781 1847 896 1883 fidem

115 1895 264 1940 Christi,
284 1894 589 1931 desiderantibus
609 1894 806 1941 baptizari,
829 1895 895 1931 sed

113 1944 401 1990 praeveniuntur
419 1947 538 1978 morte
557 1947 760 1988 antequam
776 1943 896 1989 possit

114 1992 278 2039 impleri.
304 1993 374 2027 l'cr
406 1990 502 2027 alios
535 2001 624 2037 ergo
646 1991 791 2036 parvuli
813 2001 893 2027 cre-

117 2040 209 2077 dunt
237 2041 274 2075 in
308 2038 488 2082 Ecclesia,
512 2038 608 2074 sicut
637 2050 678 2074 ex
701 2038 784 2074 aliis
811 2042 895 2075 tra*

114 2088 208 2125 hunt
235 2090 400 2133 peccata,
424 2097 509 2132 quae
540 2085 615 2122 illis
637 2086 675 2122 in
700 2086 894 2133 Baptismo

114 2135 358 2172 remittuntur
377 2134 614 2170 confessione
630 2134 766 2171 aliena.
787 2134 894 2171 Pium

114 2188 170 2220 est
197 2183 311 2229 enim,
340 2186 382 2219 ut
420 2182 457 2218 id
496 2182 596 2229 quod
630 2193 696 2228 per
728 2182 894 2219 alienum

113 2235 308 2279 peccatum
350 2229 580 2274 amiserunt,
619 2241 687 2277 per
728 2230 895 2267 alienum

113 2281 306 2323 auxilium,
328 2282 367 2314 ut
394 2278 566 2314 Ecclesia}
585 2282 620 2315 et
642 2278 894 2325 patrinorum,

115 2329 152 2364 in
179 2327 315 2374 quibus
336 2326 488 2362 credere
512 2326 701 2363 dicuntur.
727 2337 895 2374 recupe-

114 2386 200 2412 rare
218 2380 256 2412 et
273 2373 443 2421 recipere
463 2373 622 2421 possint.
644 2375 714 2418 Qui
724 2386 806 2411 vero
824 2387 895 2411 non

115 2424 324 2464 crediderit,
345 2433 414 2469 per
433 2433 487 2466 se,
507 2422 563 2458 vel
579 2433 648 2469 per
663 2422 793 2467 alium,
813 2434 894 2459 eon-

114 2471 360 2511 demnabitur‚
384 2474 528 2506 aetvrna
549 2470 806 2514 damnatione,
830 2481 897 2517 per

113 2518 291 2555 meritum
329 2517 490 2564 Justitiae
527 2517 766 2555 infidelitatis
804 2529 894 2555 suae.

114 2568 193 2603 Non
215 2568 297 2602 ait:
328 2565 389 2612 qui
422 2566 628 2611 baptizatus
661 2577 734 2602 non
770 2566 893 2609 suerit,

116 2614 205 2661 quia
223 2625 291 2662 per
312 2614 425 2649 niem
449 2616 529 2649 sine
554 2613 759 2658 Baptismo,
780 2615 897 2650 salva—

117 2668 176 2698 tur
195 2664 418 2705 bomo‚‹·uin
438 2672 525 2697 eum
541 2662 705 2698 excludit
718 2662 899 2699 articulus

118 2709 369 2754 necessitatis,
394 2720 468 2745 non
491 2713 729 2756 contemptus
750 2710 900 2756 religio-

117 2758 188 2794 nis.
203 2758 309 2795 Unde
325 2758 425 2804 quod
439 2756 581 2793 dictum
596 2762 651 2794 cst
666 2757 868 2795 Nicodemo
890 2770 898 2794 :

118 2807 201 2843 Nisi
224 2808 307 2852 quis
339 2809 488 2841 renatus
521 2806 636 2849 fuerit
663 2816 707 2842 ex
739 2817 839 2852 aqua
868 2809 901 2841 et

973 215 1135 261 Spiritu,
1155 225 1226 251 non
1245 212 1371 261 potest‘
1382 214 1537 252 introire
1556 214 1596 250 in
1608 222 1761 259 reynum

973 264 1052 304 Dei,
1076 262 1129 298 sie
1151 263 1263 299 debet
1284 262 1443 309 intelligi
1469 274 1476 298 :
1503 261 1564 309 qui
1586 265 1760 298 contem-

974 309 1092 357 pserit
1115 309 1273 346 renasci.
1291 310 1372 347 Noli
1385 313 1510 347 autem
1532 319 1758 358 praesumere

974 358 1019 394 de
1041 357 1131 399 side,
1153 357 1223 393 nisi
1254 358 1435 394 ostendas
1459 368 1544 396 eam
1567 357 1606 395 in
1626 367 1756 404 opere,

974 405 1065 452 quia
1086 405 1169 442 sine
1191 405 1262 441 hoc
1283 416 1358 442 non
1379 406 1520 452 poterit
1539 410 1576 443 te
1593 405 1758 442 salvare.

972 454 1080 490 Fides
1101 452 1202 490 enim
1226 455 1305 488 sine
1333 454 1502 499 operibus
1532 457 1675 490 mortua
1695 455 1760 499 est,

975 500 1072 538 sicut
1092 505 1127 538 et
1149 511 1265 548 opera
1287 500 1367 537 sine
1390 501 1478 538 fide.
1505 501 1611 538 Unde
1632 500 1761 546 Greqo-

974 551 1074 586 rius:
1096 550 1305 585 «Fortasse
1332 551 1461 585 autem
1484 548 1761 596 unusquisque,

974 597 1074 644 apud
1113 596 1359 641 semetipsum
1399 595 1500 633 dicat
1538 608 1545 633 :
1584 599 1658 643 Ego
1682 597 1764 643 jam

974 643 1133 690 credidi,
1163 645 1289 681 salvus
1324 654 1402 680 ero.
1428 644 1569 680 Verum
1603 643 1708 689 dicit,
1731 643 1762 680 si

975 693 1089 729 fidem
1117 691 1298 739 operibus
1333 695 1473 729 teneat.
1496 693 1595 728 Vera
1618 692 1762 728 etenim

973 740 1069 777 fides
1090 743 1161 785 est,
1185 751 1269 787 quae
1290 739 1330 775 in
1351 740 1422 776 hoc
1445 739 1545 786 quod
1563 739 1687 776 verbis
1708 739 1762 775 di-

973 788 1035 833 cit,
1061 788 1231 825 moribus
1258 798 1332 824 non
1358 787 1608 832 contradicit3
1635 789 1671 824 et
1697 787 1759 823 ille

973 836 1177 873 salubriter
1215 834 1350 880 credit,
1382 834 1445 882 qui
1488 838 1636 872 exercet
1674 844 1760 880 ope·
1779 860 1781 862 ·

972 885 1091 921 raudo
1123 884 1223 931 quod
1253 883 1386 921 credit.
1411 897 1429 918 »
1458 883 1564 920 Unde
1586 886 1623 920 et
1647 883 1759 919 Jaco-

973 933 1041 970 bus
1066 944 1073 969 :
1111 933 1208 976 Quid
1242 932 1418 978 proderit,
1449 931 1588 975 fratres
1614 932 1698 974 mei,
1727 932 1761 966 si

971 982 1079 1026 fidem
1101 983 1184 1027 quis
1205 980 1306 1016 dicat
1326 990 1362 1015 se
1386 980 1529 1024 habere,
1550 989 1660 1025 opera
1683 989 1757 1014 au-

973 1032 1042 1064 tem
1080 1040 1151 1065 non
1187 1028 1371 1064 habebut?
1410 1027 1602 1073 Numquid
1623 1028 1759 1073 poterit

971 1077 1060 1122 fides
1086 1077 1231 1112 salvare
1257 1086 1336 1111 eum
1351 1077 1414 1112 ἱ)...
1437 1075 1541 1112 Sicut
1565 1076 1659 1111 enim
1680 1084 1759 1110 cor-

971 1135 1040 1171 pus
1061 1127 1139 1160 sine
1158 1126 1296 1169 spiritu
1313 1127 1497 1159 mortuum
1512 1126 1579 1165 est,
1595 1124 1651 1159 ita
1670 1122 1760 1170 fides

972 1174 1052 1209 sine
1073 1173 1242 1218 operibus
1262 1175 1406 1207 mor-tua
1427 1174 1494 1207 est.

1020 1224 1041 1265 4
1057 1221 1169 1257 SiexA
1197 1230 1483 1256 PRAEchNTiBus
1506 1229 1548 1255 ET
1568 1229 1760 1254 cannam-

972 1280 1039 1306 Bus
1063 1279 1252 1305 PROMISSA.
1276 1288 1321 1294 -—
1350 1266 1494 1304 Deinde
1515 1265 1630 1303 etiam
1652 1268 1762 1314 signa

972 1328 1040 1365 pro
1066 1316 1154 1353 fidei
1175 1317 1483 1362 augmentatione
1504 1314 1759 1352 etconsirma-

973 1366 1075 1401 tione
1113 1364 1370 1411 promittendo
1409 1362 1585 1410 adJ'ungit
1607 1374 1615 1398 ε
1641 1364 1760 1408 Siqua

973 1417 1093 1450 autem
1109 1423 1166 1449 eos
1185 1414 1250 1458 qui
1261 1412 1486 1447 crediderent
1494 1439 1501 1450 ,
1520 1412 1593 1447 haee
1607 1421 1758 1457 sequen-

974 1465 1047 1502 tur.
1073 1464 1228 1508 propter
1250 1458 1430 1496 meritum
1451 1458 1555 1504 fidei,
1573 1469 1638 1495 suo
1661 1462 1756 1495 tem-

972 1519 1079 1557 pore,
1093 1511 1227 1545 etcum
1243 1507 1283 1544 id
1300 1507 1414 1544 fuerit
1433 1508 1755 1544 necessariumJn

973 1559 1117 1594 nomine
1136 1567 1225 1598 meo,
1248 1555 1424 1592 invocato
1445 1558 1482 1592 et
1495 1556 1698 1601 honorate,
1717 1553 1756 1592 id

974 1608 1031 1642 est
1050 1605 1089 1641 in
1106 1604 1246 1642 virtute
1268 1602 1433 1641 nominis
1460 1602 1549 1649 mei,
1574 1603 1754 1640 daemom'a

973 1653 1133 1699 ejicient,
1155 1652 1256 1699 quod
1275 1651 1321 1688 de
1339 1650 1465 1688 multis
1486 1651 1659 1697 legimus,
1673 1651 1754 1698 qui-

973 1702 1042 1738 bus
1058 1701 1241 1737 immundi
1257 1698 1411 1746 spiritus
1427 1699 1674 1743 obediebant3
1689 1700 1758 1736 lin-

972 1752 1056 1793 quis
1090 1751 1284 1795 loquentur
1306 1750 1423 1787 novis.
1448 1748 1520 1783 hoc
1539 1747 1679 1783 sactum
1701 1750 1757 1783 est

973 1797 1012 1833 in
1045 1796 1107 1833 die
1143 1797 1384 1833 Pentecostes
1411 1796 1449 1831 in
1483 1795 1689 1842 Apostolis‚
1724 1798 1760 1831 et

974 1845 1058 1883 aliis
1073 1844 1340 1888 credentibus3
1360 1847 1544 1890 serpentes
1564 1844 1706 1886 tollent,
1722 1843 1760 1880 id

974 1901 1030 1931 est
1050 1893 1224 1930 auferent
1250 1892 1309 1928 vel
1334 1891 1569 1938 dispergent,
1590 1891 1694 1938 quod
1715 1893 1760 1928 de

973 1941 1150 1989 Apostolo
1182 1940 1298 1977 Paulo
1325 1944 1454 1987 patet;
1476 1945 1510 1976 et
1538 1942 1572 1976 si
1596 1940 1760 1984 mortife-

972 2001 1054 2026 rum
1086 1990 1178 2035 quid
1212 1989 1385 2030 biberint,
1413 1999 1485 2024 non
1514 1990 1566 2024 eis
1600 1988 1757 2029 nocebit.

973 2038 1072 2084 quod
1103 2038 1149 2074 de
1169 2039 1316 2074 Joanne
1346 2036 1589 2083 Evangelista
1614 2035 1757 2072 factum

972 2085 1041 2122 suit
1061 2099 1068 2132 3
1093 2096 1202 2131 super
1221 2095 1335 2129 aeqros
1354 2095 1484 2120 manus
1499 2086 1699 2131 imponent,
1723 2088 1757 2120 et

974 2135 1057 2170 bene
1078 2134 1273 2173 habebunt,
1294 2133 1395 2178 quod
1411 2131 1525 2169 etiam
1544 2131 1650 2168 multi
1665 2131 1757 2168 fide-

971 2183 1026 2219 les
1043 2182 1226 2218 t'ecerunt.
1244 2180 1379 2218 Omnia
1400 2180 1501 2217 enim
1523 2180 1604 2217 haec
1623 2179 1661 2216 in
1683 2179 1756 2227 pri-

972 2229 1102 2266 mitiva
1123 2228 1302 2274 Ecclesia,
1321 2239 1395 2265 non
1415 2229 1538 2264 solum
1554 2227 1754 2274 Apostolos

971 2282 1009 2315 et
1029 2278 1123 2314 alios
1145 2277 1322 2323 majores,
1346 2276 1412 2313 sed
1439 2275 1554 2312 etiam
1575 2276 1755 2322 frequen-

971 2330 1030 2363 ter
1049 2326 1144 2363 alios
1172 2324 1362 2371 simpli‹·es
1391 2323 1589 2361 credentes
1620 2323 1754 2360 secisse

973 2375 1147 2422 legimus,
1163 2384 1231 2420 pro
1245 2371 1463 2410 infidelibus
1475 2370 1754 2416 convertendis,

972 2428 1008 2459 et
1030 2426 1069 2459 ut
1106 2422 1199 2458 tides
1225 2420 1460 2457 credentium
1487 2422 1692 2463 cresceret,
1713 2430 1757 2456 ac

973 2470 1184 2507 nutriretur
1217 2472 1255 2505 et
1294 2468 1513 2505 firmaretur
1548 2467 1756 2513 miraculis,

973 2529 1049 2565 qua
1071 2529 1170 2553 nunc
1200 2515 1369 2553 radicata
1393 2519 1429 2552 et
1450 2521 1575 2561 aucta,
1598 2526 1675 2552 non
1705 2515 1758 2552 sic

974 2564 1230 2602 necessarium
1251 2568 1309 2601 est
1323 2574 1368 2601 ea
1385 2563 1482 2609 fieri,
1503 2563 1599 2600 sicut
1619 2563 1759 2611 passim

975 2618 1061 2650 tunc
1083 2614 1239 2656 fiebant,
1261 2613 1350 2658 quia
1374 2611 1514 2649 sufficit
1535 2622 1580 2648 ea
1600 2622 1684 2658 quae
1703 2611 1759 2648 fa-

975 2666 1035 2698 cta
1054 2665 1140 2697 sunt
1161 2660 1400 2696 solummodo
1422 2661 1548 2706 legere
1560 2663 1597 2696 et
1611 2659 1758 2703 audire,

976 2720 1019 2746 ac
1041 2712 1095 2745 eis
1117 2709 1232 2745 fidem
1250 2708 1446 2746 adhibere.
1472 2707 1508 2745 Si
1531 2718 1620 2756 ergo
1647 2717 1758 2753 quae—

976 2761 1098 2801 ratur,
1128 2767 1247 2802 quare
1267 2757 1539 2803 praedicatores
1567 2759 1603 2792 et
1627 2754 1758 2791 fideles

977 2805 1148 2841 modvrm'
1185 2803 1275 2840 talia
1317 2803 1427 2851 signa
1465 2814 1538 2840 non
1581 2802 1719 2839 sariunt
1741 2802 1758 2837 ·?
