1924 3157
231 164 444 198 EPlLOGUS
487 165 713 199 Doiitxiiti:
754 165 987 199 Msstoms
1029 168 1078 200 ET
1123 167 1171 201 DE
1213 169 1360 202 LAUDE
1399 167 1571 201 CRUCIS.
1669 170 1727 204 163

84 233 189 269 Unde
203 235 241 268 et
261 233 498 269 Cassiodorus
509 247 519 269 :
530 247 548 267 «
561 234 657 270 Crux
672 239 729 271 est
747 234 868 270 humi·

82 279 172 316 lium
194 279 335 316 invicta
350 281 474 326 tuitio,
497 282 749 326 superborum
766 281 867 326 abjie-

81 326 169 369 ctio,
186 327 343 363 victoria
360 328 513 372 Christi,
527 328 690 376 perditio
708 328 864 372 diaboli,

81 374 317 412 infernorum
340 376 561 421 destructio,
581 377 791 413 coelestium
812 387 867 413 re-

80 421 271 464 formatio,
289 433 391 460 mors
406 423 634 467 infidelium,
657 424 732 460 vita
746 425 864 471 justo-

80 480 180 506 rum.
204 484 223 502 »
245 471 302 516 Et,
336 474 374 508 ut
406 472 458 508 ait
482 474 738 517 Hieronymus,
765 473 865 518 ligno

81 517 152 554 hoc
173 518 347 554 vehimur
372 529 440 565 per
471 530 576 556 mare
596 519 798 564 undosum,
819 519 866 555 ad

82 567 227 601 terram
250 565 469 603 viventium.

129 616 150 649 6
163 613 353 649 Passionis
367 624 555 651 EPILOGUS.
566 613 739 651 —Dehis
752 614 866 649 etiam

82 670 164 706 quae
191 671 321 707 passus
345 665 402 697 est
426 661 622 706 Dominus,
642 661 747 707 quasi
776 671 863 696 con-

81 708 266 744 cludendo
295 719 379 744 cum
409 708 619 754 gratiarum
652 708 801 745 actione
828 711 866 744 et

81 756 252 792 oratione
270 755 322 792 sic
341 755 430 792 dicit
444 757 640 792 Anselmus
659 769 669 791 :
694 770 709 789 «
732 757 865 801 Exper-

81 802 225 849 giscere
262 814 376 848 nunc,
407 803 533 840 anima
568 813 667 848 mea,
689 807 864 839 excutere

83 850 130 886 de
150 850 317 897 pulvere,
344 856 381 888 et
401 851 659 897 contemplare
683 850 864 887 attentius

84 897 205 934 virum
221 899 319 935 hunc
338 898 637 943 memorabilem,
651 909 762 945 quem
778 909 864 935 ecce

82 945 119 981 in
135 946 286 991 speculo
304 946 517 992 Evangeliei
535 946 737 988 sermonis,
758 945 862 992 qnasi

79 997 308 1039 praesentem
330 995 500 1030 intueris.
516 995 721 1039 Cognosce.
737 993 865 1030 anima

83 1050 390 1087 mea,cognosce.
407 1043 471 1077 Hic
486 1045 542 1078 est
555 1041 737 1078 Dominus
754 1042 864 1078 Jesus

82 1087 265 1129 Christus,
300 1089 456 1125 Creator
491 1092 528 1126 et
566 1090 736 1125 Salvator
763 1092 860 1130 tuus,

82 1135 302 1182 unigenitus
327 1136 390 1172 Dei
413 1136 540 1181 Filius,
568 1147 678 1172 verus
704 1138 801 1173 Deus
828 1139 865 1172 et

80 1194 192 1220 verus
218 1184 344 1224 homo.
370 1184 434 1230 qui
456 1184 559 1220 solus
587 1185 655 1220 sub
677 1185 756 1220 sole
783 1183 863 1219 sine

81 1231 228 1268 macula
244 1233 416 1268 inventu<
434 1235 508 1276 est;
526 1235 560 1267 et
577 1242 663 1268 ecce
683 1231 864 1278 quoniam

81 1290 161 1315 cum
179 1280 367 1316 sceleratis
391 1283 583 1326 reputatus
602 1283 668 1324 est,
693 1283 731 1315 et
757 1279 863 1325 quasi

81 1326 137 1363 vir
163 1327 335 1371 leprosus
370 1332 407 1364 et
444 1326 670 1364 novissimus
698 1327 865 1363 virorum

78 1373 308 1416 aestimatus:
345 1378 382 1411 et
414 1380 609 1421 tamquam
635 1374 863 1416 abortivum,

79 1422 180 1469 quod
201 1422 400 1470 projicitur
417 1423 464 1459 ab
484 1426 605 1468 utero,
620 1426 657 1459 et
677 1433 787 1459 nemo
807 1433 867 1458 ru-

79 1473 152 1515 rat,
172 1470 225 1507 sic
245 1471 434 1517 projectus
457 1474 515 1507 est
534 1471 581 1507 ab
605 1474 714 1506 utero
735 1469 866 1506 matris

84 1528 161 1554 suae
176 1517 337 1554 infelicis
357 1519 660 1565 synagogae.1ste
679 1518 867 1554 formosus

84 1576 164 1612 prae
196 1565 285 1602 filiis
316 1565 528 1608 hominum,
554 1565 661 1612 quasi
687 1564 866 1601 deformis

84 1624 163 1660 prae
185 1613 274 1649 filiis
296 1612 491 1650 hominum
519 1614 650 1650 factus.
674 1612 867 1659 Siquidem

84 1662 297 1697 vulneratus
321 1665 373 1697 est
391 1665 542 1708 propter
561 1663 779 1707 iniquitates
801 1672 866 1697 no-

85 1712 197 1754 stras,
219 1711 370 1744 attritus
396 1712 449 1744 est
470 1712 619 1755 propter
646 1710 780 1745 scelera
802 1719 867 1744 no-

84 1761 177 1801 stra,
193 1759 229 1792 et
240 1756 361 1792 factus
372 1759 427 1792 est
444 1756 712 1793 holocaustum
727 1755 868 1792 suavis-

84 1805 167 1840 simi
197 1803 325 1840 odoris
354 1803 393 1840 in
424 1808 626 1849 conspectu
653 1807 730 1843 tuo.
757 1805 869 1840 Pater

85 1855 238 1889 aeternae
264 1851 410 1898 gloriae,
433 1854 471 1887 nt
489 1855 678 1889 averteret
696 1851 867 1898 indigna-

83 1899 223 1936 tionem
239 1905 342 1936 tuam
354 1910 375 1936 a
390 1900 509 1941 nobis,
527 1904 563 1936 et
578 1899 782 1936 consedere
798 1899 866 1935 sibi

86 1958 154 1984 nos
186 1948 327 1984 faceret
360 1946 399 1983 in
435 1947 665 1984 coelestibus.
703 1949 866 1992 Respice,

86 1994 244 2032 Domine
278 1998 408 2032 sancte
438 1995 563 2040 Pater,
587 1995 630 2030 de
657 1997 869 2031 sanctuario

86 2046 161 2087 tuo,
180 2047 215 2078 et
234 2043 278 2078 de
298 2044 438 2078 eaecelso
455 2044 622 2079 caelorum
644 2043 870 2087 habitaculo,

86 2094 122 2127 et
134 2090 283 2127 intuere
293 2091 314 2126 h
321 2102 337 2125 a
346 2101 389 2126 nc
399 2093 679 2127 sacrosanctam
692 2091 870 2136 hostiam,

90 2148 203 2185 quam
224 2137 292 2174 tibi
314 2138 427 2174 offert
445 2148 604 2186 magnus
624 2138 794 2174 Pontifex
810 2148 874 2174 no-

89 2190 180 2230 ster,
193 2189 342 2222 sanctus
353 2196 446 2232 puer
457 2190 544 2222 tuus
556 2184 738 2222 Dominus
749 2187 872 2228 Jesus,

90 2244 158 2281 pro
180 2233 345 2280 peccatis
372 2235 529 2270 fratrum
555 2243 726 2278 suorum,
747 2236 780 2269 et
802 2237 874 2269 esto

92 2282 288 2328 placabilis
301 2292 415 2328 super
427 2280 706 2318 multitudinem
722 2280 875 2318 malitiae

95 2334 246 2365 nostrae.
280 2331 444 2375 Respice,
479 2330 650 2374 Domine,
678 2330 718 2365 in
741 2330 876 2372 faciem

96 2378 234 2414 Christi
254 2379 322 2420 tut,
340 2377 403 2422 qui
425 2375 492 2413 tibi
513 2387 630 2423 usque
648 2376 695 2413 ad
713 2380 875 2413 mortem

96 2423 276 2461 obediens
301 2424 419 2460 factus
445 2427 516 2469 est,
538 2435 605 2461 nec
628 2425 808 2461 recedant
831 2424 877 2460 ab

97 2472 218 2508 oculis
238 2471 310 2508 tuis
329 2471 522 2508 cicatrices
543 2472 622 2519 ejus
643 2471 681 2507 in
699 2475 876 2518 pvrpetu-

99 2529 175 2563 um,
199 2523 237 2556 ut
257 2518 478 2555 memineris
499 2523 678 2565 quantam
700 2530 768 2566 pro
790 2529 876 2566 pec-

97 2567 190 2604 catis
209 2566 347 2603 nostris
368 2566 665 2603 satisfactionem
681 2567 727 2603 ab
743 2577 786 2603 eo
802 2577 879 2603 >us-

97 2616 255 2662 ceperis.
287 2614 450 2659 Utinam,
485 2614 656 2659 Domine,
685 2614 877 2661 appendas

99 2661 138 2698 in
157 2666 298 2699 statera
319 2666 485 2709 peccata,
505 2663 640 2708 quibus
661 2661 757 2698 iram
774 2666 878 2698 tuam

101 2710 318 2755 meruimus,
333 2715 369 2747 et
386 2710 639 2746 calamitatem
660 2720 774 2756 quarn
798 2720 880 2756 pas-

100 2767 163 2794 sus
175 2762 228 2794 est
239 2768 307 2805 pro
322 2758 432 2795 nobis
446 2759 627 2794 innocens
640 2756 754 2794 Filius
771 2760 855 2794 tuus
867 2756 874 2793 l

102 2805 209 2843 Certe
227 2806 308 2842 haec
321 2804 472 2852 gravior
492 2803 688 2852 apparebit
702 2807 738 2842 et
759 2805 878 2851 magis

945 234 1071 287 digna,
1095 239 1134 287 ut
1155 241 1309 282 propter
1328 238 1446 285 ipsam
1469 240 1643 276 effundas
1660 239 1727 276 mi-

945 283 1189 334 sericordiam
1222 288 1323 321 tuam
1359 297 1474 331 super
1505 298 1585 332 iios,
1610 298 1723 333 quam

945 333 1019 382 snit
1042 335 1114 382 ista
1132 336 1347 375 pei-ratmot
1365 345 1430 377 pro
1445 334 1518 370 illis
1533 334 1728 371 contineas

946 387 982 411 iii
1000 387 1050 429 ¹⁹¹}
1067 378 1347 415 misericordias
1361 384 1456 417 tuas.
1474 382 1624 419 Gratias
1643 381 1726 428 tibi,

946 425 1102 459 Domine
1134 427 1256 468 Pater,
1278 427 1417 464 referat
1439 431 1563 466 omnis
1584 430 1727 476 lingua,

945 481 1057 517 sup-:r
1070 473 1313 508 inenarrabili
1329 475 1565 513 abundantia
1583 477 1731 523 pietatis

943 521 1032 562 tuse,
1055 529 1129 565 qua
1155 520 1264 555 unico
1287 520 1379 557 Filio
1402 526 1466 559 tuo
1496 536 1568 561 non
1621 535 1730 571 eper-

944 565 1040 605 cisti.
1062 566 1128 603 sed
1146 577 1213 613 pro
1230 567 1339 604 uobis
1354 568 1459 606 illum
1482 572 1578 608 tradi
1611 572 1669 608 isti
1692 572 1730 609 in

945 617 1120 658 mortem,
1135 617 1175 650 ut
1195 618 1342 652 tantum
1361 619 1553 664 tamquam
1578 619 1730 656 fidelem

943 661 1166 697 advocatum
1184 662 1410 700 haberemus
1428 664 1466 700 in
1482 666 1577 702 coelo
1600 677 1729 704 coram

942 712 992 744 tc.
1016 710 1060 744 Et
1081 708 1161 748 tibi.
1186 711 1342 746 Domine
1365 712 1469 755 Jesu,
1490 713 1628 750 zelotes
1648 715 1726 751 for-

943 755 1099 796 tissime,
1116 755 1205 803 quid
1218 757 1441 803 gratiarum,
1454 760 1546 806 quid
1559 761 1725 798 retribu-

942 803 1056 839 tionis
1083 804 1206 851 dignae
1231 805 1411 849 tribuam,
1435 817 1505 853 ego
1533 808 1668 854 pulvis,
1693 813 1729 846 et

944 852 1048 896 cinis,
1071 855 1106 888 et
1135 851 1205 888 vile
1231 852 1484 898 figmentum?
1503 855 1598 899 Quid
1625 856 1727 893 enim

943 909 1010 945 pro
1040 903 1168 935 nostra
1195 900 1317 936 salute
1343 901 1466 938 faeere
1492 902 1670 949 debuisti,
1692 907 1730 940 et

946 957 1021 982 non
1042 946 1161 982 fecisti
1184 947 1199 982 ἰ)
1220 948 1274 982 Ali
1295 947 1371 984 imo
1394 949 1514 996 pedis,
1534 961 1652 998 usque
1680 951 1728 988 ad

945 1004 1134 1030 summum
1157 994 1308 1031 verticis
1328 999 1364 1031 te
1400 1001 1518 1033 totuin
1550 997 1589 1034 in
1618 1009 1729 1045 aquis

946 1041 1137 1077 Passionis
1159 1042 1388 1088 demersisti,
1405 1048 1445 1080 ut
1463 1055 1521 1080 mc
1541 1049 1662 1082 totum
1683 1046 1730 1084 de

945 1089 1019 1125 illis
1034 1090 1265 1126 extraheres.
1284 1091 1378 1126 Nam
1394 1095 1431 1127 ct
1445 1093 1611 1129 animam
1627 1099 1730 1130 tuam

944 1137 981 1172 in
1007 1140 1166 1172 mortem
1197 1137 1406 1183 perdidisti,
1432 1143 1472 1175 ut
1494 1150 1616 1177 meam
1638 1151 1734 1187 per-

945 1184 1061 1220 ditam
1084 1184 1175 1219 mihi
1197 1185 1390 1222 redderes.
1414 1187 1457 1222 Et
1476 1198 1563 1224 ecce
1583 1199 1643 1224 me
1664 1189 1730 1225 du-

944 1231 1030 1279 plici
1052 1231 1179 1268 dobito
1207 1232 1421 1278 obligavisti
1447 1245 1454 1270 :
1480 1245 1569 1271 nam
1599 1240 1635 1272 et
1664 1247 1732 1283 pro

945 1291 1004 1322 eo,
1025 1279 1126 1325 quod
1145 1279 1236 1316 mihi
1253 1280 1411 1325 dedisti;
1429 1285 1465 1318 et
1480 1293 1548 1329 pro
1568 1294 1612 1319 eo
1631 1284 1733 1330 quod

948 1326 1017 1364 mei
1043 1337 1155 1363 causa
1169 1327 1382 1374 perdidisti,
1401 1329 1550 1366 debitor
1570 1341 1667 1367 sum.
1688 1333 1733 1368 Et

945 1386 1013 1421 pro
1036 1374 1162 1411 anima
1183 1386 1265 1411 mea
1291 1376 1445 1422 quidem
1466 1377 1524 1414 bis
1542 1378 1635 1414 mihi
1653 1390 1675 1415 a
1695 1381 1732 1416 te

947 1423 1048 1473 data,
1080 1422 1197 1458 sem'el
1233 1423 1272 1458 in
1300 1423 1506 1471 creatione,
1539 1427 1655 1463 semel
1691 1426 1731 1463 in

947 1469 1222 1515 redemptione,
1248 1470 1339 1515 quid
1377 1472 1494 1518 magis
1529 1473 1595 1510 tibi
1629 1474 1732 1520 juste

946 1517 1104 1554 reddam
1127 1528 1241 1563 quam
1261 1517 1394 1565 ipsam.
1413 1530 1488 1556 non
1504 1520 1640 1558 habeo.
1660 1523 1731 1558 Pro

947 1569 1011 1602 tua
1023 1569 1148 1601 autom
1161 1566 1328 1611 pretiosa
1336 1566 1464 1603 anima
1475 1567 1527 1604 ita
1538 1569 1731 1614 tribulata,

948 1613 1035 1659 quid
1052 1614 1098 1649 ab
1115 1612 1268 1649 homine
1285 1615 1397 1660 digne
1419 1615 1577 1661 rependi
1600 1616 1733 1663 possit,

948 1672 1025 1696 non
1037 1660 1204 1696 invenio.
1219 1662 1313 1697 Nam
1329 1661 1358 1697 si
1373 1662 1510 1699 coelum
1525 1666 1562 1700 et
1576 1666 1733 1711 terram,

948 1711 985 1744 et
1006 1718 1158 1744 omnem
1174 1711 1351 1745 ornatum
1366 1719 1496 1746 eorum
1514 1721 1663 1757 possem
1679 1723 1736 1749 re-

951 1755 1129 1802 pendere,
1147 1759 1249 1792 certe
1272 1767 1338 1793 nec
1359 1757 1413 1793 sic
1432 1768 1550 1804 usque
1565 1759 1614 1795 ad
1629 1770 1735 1796 men-

949 1813 1078 1840 suram
1097 1802 1212 1839 debiti
1233 1803 1422 1841 ullatenus
1435 1805 1678 1853 attingerem.
1694 1809 1738 1844 Et

951 1851 978 1887 si
1002 1850 1165 1897 idipsum
1182 1851 1282 1897 quod
1299 1855 1335 1888 et
1349 1852 1484 1897 dobeo,
1500 1857 1536 1890 et
1557 1855 1737 1900 possibile

951 1897 1042 1934 mihi
1078 1902 1148 1942 est,
1183 1898 1265 1943 tibi,
1303 1899 1475 1946 Domine,
1510 1901 1734 1948 retribuam,

950 1950 1070 1991 tuum,
1090 1946 1260 1987 Domine,
1281 1950 1401 1984 totum
1423 1952 1492 1984 est.
1515 1949 1736 1995 Diligendus

952 1994 1065 2041 igitur
1087 1993 1177 2030 mihi
1196 2004 1239 2030 ex
1263 1998 1339 2031 toto
1356 1997 1483 2040 corde,
1496 2000 1576 2033 tota
1589 1994 1733 2044 anima,

950 2045 1029 2078 tota
1065 2044 1216 2094 rpente;
1246 2045 1284 2078 et
1314 2045 1379 2079 tua
1408 2043 1499 2080 mihi
1541 2046 1737 2092 sequenda

950 2089 1121 2134 vestigia,
1135 2090 1197 2136 qui
1215 2089 1310 2125 mori
1329 2089 1504 2137 dignatus
1518 2102 1558 2129 es
1574 2104 1640 2139 pro
1658 2104 1732 2131 me.

951 2139 996 2174 Et
1024 2137 1212 2182 quomodo
1240 2137 1306 2174 fiet
1327 2138 1398 2175 hoc
1421 2140 1457 2175 in
1482 2150 1555 2184 me,
1576 2140 1647 2177 nisi
1668 2152 1736 2188 per

952 2190 988 2221 te
999 2184 1017 2220 Ῡ
1027 2184 1229 2221 Adhaereat
1243 2184 1369 2221 anima
1388 2196 1473 2222 mea
1486 2191 1634 2234 postte,
1647 2188 1737 2235 quia

952 2236 1032 2268 tota
1050 2231 1169 2268 virtus
1188 2232 1268 2279 ejus
1285 2233 1425 2279 pendet
1438 2245 1480 2270 cx
1496 2239 1546 2271 te.
1563 2236 1606 2272 Et
1619 2246 1736 2282 nunc,

954 2279 1112 2316 Domine
1129 2280 1359 2327 Redemptor
1370 2291 1489 2326 meus,
1504 2285 1543 2318 ut
1553 2285 1588 2319 te
1603 2293 1737 2320 verum

954 2329 1072 2364 Deum
1092 2328 1223 2369 adoro,
1239 2327 1275 2363 in
1298 2331 1333 2364 te
1356 2328 1482 2374 credo,
1497 2330 1533 2365 in
1555 2335 1591 2367 te
1611 2341 1739 2377 spero,

955 2379 991 2411 et.
1012 2374 1150 2421 quibus
1166 2385 1315 2421 possum
1337 2375 1537 2414 desideriis
1559 2378 1606 2414 ad
1622 2381 1659 2415 te
1676 2390 1738 2416 su-

955 2424 1070 2469 spiro.
1089 2422 1235 2468 AdJuva
1257 2423 1580 2469 imperfectionem
1599 2436 1737 2464 meam.

954 2471 1007 2506 Ad
1041 2476 1114 2506 tute
1147 2469 1337 2506 Passionis
1363 2471 1530 2518 gloriosa
1556 2473 1738 2520 insignia,

955 2518 993 2553 in
1016 2518 1151 2562 quibus
1168 2517 1327 2554 salutem
1347 2529 1470 2555 meam
1490 2526 1667 2567 operatus
1684 2533 1739 2568 es,

955 2576 1014 2601 mc
1029 2569 1048 2600 t«
1059 2569 1145 2600 ›tiiin
1161 2564 1315 2601 inclino.
1328 2567 1416 2603 Tuae
1430 2566 1639 2606 victoriosae
1653 2581 1740 2606 cru-

955 2613 1008 2648 cis
1041 2612 1167 2657 regale
1201 2614 1376 2650 vexillum
1410 2614 1449 2650 in
1477 2618 1630 2653 nomine
1658 2621 1737 2662 tuo,

956 2659 1118 2703 Christe,
1145 2660 1276 2696 adoro.
1306 2662 1427 2698 Tuum
1453 2663 1625 2708 spineum
1651 2665 1738 2701 dia-

957 2709 1079 2751 dema,
1095 2711 1177 2744 tuos
1198 2708 1379 2745 rubentes
1399 2712 1583 2757 sanguine
1599 2712 1736 2757 clavos,

957 2759 1021 2792 tuo
1044 2765 1150 2791 sacro
1171 2755 1280 2792 lateri
1306 2756 1526 2796 immersam
1547 2759 1733 2805 lanceam,

961 2806 1026 2840 tua
1051 2802 1221 2847 vulnera,
1243 2806 1348 2841 tuum
1372 2805 1610 2853 sanguinem,
1632 2810 1739 2845 tuam
