1924 3157
200 174 256 207 ¹40
651 168 857 204 SECUNDAE
895 168 1054 204 PARTIS
1091 166 1226 201 CAPUT
1263 166 1371 200 Lxlv

201 240 359 278 moriam
381 238 539 280 reducit,
556 236 662 285 quasi
677 238 848 274 columba
867 238 904 274 in
923 238 975 274 fo-

199 288 423 331 raminibus,
442 286 495 322 sic
511 285 667 332 simplex
687 287 813 322 anima
833 284 871 322 in
894 286 972 321 vut-

200 335 352 372 neribus
364 333 648 378 nutrimentum,
659 343 731 379 quo
743 334 974 370 convalescat

199 381 364 419 invenit:
384 395 402 414 »
421 382 501 417 haec
517 381 777 425 Greyorius.1n
789 380 848 416 his
861 382 973 416 etiam

198 429 415 465 vulneribus
440 428 657 473 Salvatoris,
679 428 915 464 securitatem
939 430 973 463 et

200 475 485 523 protectionem,
511 486 552 512 ac
577 475 871 512 consolationem
899 485 974 510 non

199 523 386 559 modicam
413 524 591 569 reperies,
622 524 727 560 Unde
752 523 973 566 Bernartius,

200 570 374 617 quaedam
405 570 452 607 de
476 570 600 607 verbis
631 569 829 617 Augustini
863 580 975 605 assu-

144 647 151 658 ,
200 628 321 662 mens,
340 617 392 654 sie
413 617 465 654 ait
488 629 496 655 :
524 632 543 651 «
567 619 610 654 Et
642 628 788 661 revera,
811 616 874 652 ubi
896 619 976 652 tuta

200 665 384 712 firmaque
403 664 562 701 infirmis
579 665 742 711 requies,
756 663 826 700 nisi
844 663 879 699 in
896 664 975 699 vul-

201 713 352 749 neribus
376 712 606 749 Salvatoris‘?
627 714 743 748 Tanto
770 711 844 746 illic
867 721 975 746 secu-

199 760 277 796 rior
295 759 436 804 habito,
460 763 600 806 quanto
627 759 690 794 ille
711 758 900 805 potentior
921 761 977 794 est

199 818 244 843 ac
259 807 492 844 salvandum.
507 806 645 843 Fremit
655 806 830 850 mundus,
842 806 977 851 premit

200 865 349 901 corpus,
362 853 761 896 diabolusinsidiatnr;
778 864 849 888 non
869 854 975 896 carlo,

200 902 376 938 fundatus
393 901 493 936 enim
511 911 594 937 sum
613 911 725 946 supra
745 900 893 935 firmam
912 910 976 945 pe-

203 952 310 984 tram.
333 947 487 984 Peccavi
510 951 701 994 peccatum
723 947 877 993 grande,
898 951 977 982 tur-

201 995 355 1031 babitur
371 994 599 1031 conscientia
618 1006 626 1039 ;
650 995 715 1030 sed
736 1005 810 1030 non
832 997 977 1038 pertur—

202 1042 366 1086 babitur,
389 1043 565 1089 quoniam
596 1043 798 1078 vulnerum
829 1040 978 1077 Domini

199 1090 601 1137 recordaborNempe,
616 1092 694 1135 ipse
706 1091 918 1124 vulneratus
928 1093 979 1125 est

199 1140 349 1184 propter·
365 1139 584 1183 iniquitates
605 1141 761 1172 nostras.
784 1136 878 1180 Quid
902 1140 979 1172 tam

203 1184 251 1221 ad
278 1187 453 1230 mortem,
476 1185 575 1230 quod
596 1195 671 1220 non
698 1184 832 1220 Christi
859 1187 980 1220 morte

205 1231 403 1268 salvatur?
422 1233 457 1268 Si
481 1242 569 1278 ergo
589 1231 629 1267 in
648 1237 812 1268 mentem
836 1232 981 1268 venerit

203 1282 280 1315 tam
310 1282 443 1325 potens
473 1284 623 1326 tamque
653 1279 785 1315 efficax
814 1279 981 1315 medica-

204 1326 583 1373 mentum,nullaJam
597 1337 750 1373 possum
765 1327 886 1363 morbi
903 1337 980 1362 ma-

205 1373 402 1419 gnitudine
428 1374 575 1409 terreri.
599 1375 674 1420 Ego
705 1385 793 1410 vero
820 1373 982 1410 fidenter

205 1420 306 1466 quod
337 1431 380 1456 ex
411 1431 471 1456 me
505 1421 622 1465 deest,
648 1431 784 1467 usurpo
814 1420 903 1456 mihi
939 1432 981 1456 ex

208 1467 412 1504 visceribus
432 1467 602 1511 Domini;
629 1470 807 1514 quoniam
828 1469 982 1504 miseri-

202 1515 339 1551 cordiae
362 1515 538 1559 affluunt,
556 1526 624 1551 nec
639 1518 773 1551 desunt
797 1515 983 1552 foramina

203 1572 271 1609 per
293 1573 375 1608 quae
397 1562 565 1598 effluant.
588 1563 775 1599 Foderunt
793 1574 925 1599 manus
946 1568 982 1599 et

202 1609 331 1657 pedes,
341 1610 514 1656 latusque
529 1610 659 1646 lancea
673 1611 978 1657 perforaverunt;

202 1659 240 1693 et
270 1668 337 1703 per
370 1658 438 1693 has
465 1657 581 1694 rimas
604 1657 690 1694 licet
722 1657 814 1694 mihi
848 1669 982 1705 sugere

203 1705 276 1740 mel
298 1705 343 1740 de
363 1708 484 1751 petra,
508 1705 707 1751 oleumque
727 1706 773 1745 de
795 1716 882 1742 saxo
910 1707 981 1742 du-

201 1751 366 1793 rissimo,
382 1752 421 1788 id
436 1756 491 1788 est
505 1757 656 1798 gustare
677 1756 714 1789 et
729 1753 869 1798 videre,
887 1764 980 1799 quo—

201 1798 303 1835 niam
320 1799 445 1835 suavis
465 1804 521 1836 est
538 1801 732 1836 Dominus.
752 1802 858 1837 Patet
874 1811 979 1836 arca—

200 1856 293 1882 num
320 1846 457 1890 cordis,
484 1858 550 1892 per
575 1847 762 1883 foramina
787 1848 978 1894 corporis3

200 1896 492 1940 patetmagnum
502 1894 594 1930 illud
607 1894 754 1941 pietatis
767 1906 978 1931 sacramen-

200 1943 280 1976 tum
295 1952 303 1984 ;
320 1945 447 1987 patent
463 1941 606 1977 viscera
625 1941 892 1979 misericordiae
914 1944 980 1979 Dei

202 1988 335 2032 nostri,
358 1988 396 2024 in
420 1988 554 2034 quibus
580 1988 741 2025 visitavit
765 2001 834 2026 nos
856 1990 980 2026 oriens

203 2045 245 2071 ex
272 2035 360 2071 alto.
384 2036 519 2079 Quidni
548 2036 693 2073 viscera
726 2047 794 2083 per
825 2038 981 2074 vulnera

201 2083 379 2127 pateant!
403 2085 442 2119 In
465 2094 539 2130 quo
571 2084 672 2120 enim
704 2084 840 2121 clarius
868 2096 980 2131 quam

201 2130 241 2165 in
271 2130 490 2183 vulneribus
525 2130 597 2168 tuis
629 2132 763 2177 elucet,
793 2134 892 2179 qnod
925 2138 977 2178 tu,

201 2176 373 2230 Domine,
393 2178 515 2214 suavis
540 2182 577 2215 et
601 2179 700 2215 mitis
720 2190 773 2224 es,
794 2183 829 2216 et
849 2180 978 2216 multae

201 2225 468 2277 misericordiae
481 2227 498 2261 ἰ)
517 2228 694 2272 Majorem
709 2229 803 2263 enim
821 2227 977 2264 misera-

201 2275 344 2308 tionem
380 2277 418 2308 et
453 2274 680 2310 dilectionem
719 2286 819 2311 nemo
857 2276 976 2321 habet,

202 2328 316 2364 quam
336 2323 376 2356 ut
393 2322 553 2357 animam
570 2331 674 2358 suam
684 2326 800 2368 ponat
813 2324 895 2368 quis
911 2334 977 2369 pro

201 2368 330 2402 amicis
362 2370 451 2404 suis.
485 2369 551 2414 Tu,
585 2369 758 2412 Domine,
793 2370 977 2417 majorem

1052 234 1226 280 habuisti,
1241 233 1302 281 qui
1321 233 1486 271 animam
1503 237 1604 272 tuam
1627 235 1738 272 etiam
1753 245 1821 282 po-

1050 282 1151 319 suisti
1177 293 1242 328 pro
1264 281 1400 318 abditis
1421 286 1457 318 et
1479 283 1677 320 damnatis.
1701 284 1824 319 Meum

1050 329 1207 377 proinde
1229 328 1418 374 meritum,
1440 330 1630 367 miseratio
1660 328 1821 367 Domini.

1051 380 1129 414 Non
1147 378 1256 423 piane
1272 387 1353 413 sum
1369 377 1491 413 meriti
1512 379 1630 423 inops,
1645 376 1824 424 quamdiu

1052 425 1112 461 ille
1134 424 1418 460 miserationum
1432 435 1505 460 non
1520 424 1654 469 fuerit3
1672 425 1773 471 quod
1793 423 1825 460 si

1051 471 1320 508 misericordiae
1351 471 1496 507 Domini
1523 473 1661 516 muitae,
1684 472 1826 508 multus

1050 519 1295 556 nihilominus
1309 529 1378 565 ego
1398 518 1436 554 in
1456 518 1601 555 meritis
1619 530 1715 555 sum.
1729 518 1826 563 Quid

1052 567 1165 612 enim,
1182 567 1212 602 si
1227 566 1433 602 multorum
1448 577 1530 602 sum
1549 565 1641 602 mihi
1656 565 1826 602 conscius

1053 615 1457 660 delictorum‘ffi'empe,
1473 613 1533 650 ubi
1543 613 1828 650 abundaverunt

1054 662 1200 702 delicta.
1224 661 1538 708 superabundavit
1561 664 1597 696 et
1625 661 1759 707 gratia.
1781 661 1825 696 Et

1053 709 1083 746 si
1100 708 1368 745 misericordiae
1393 708 1540 744 Domini
1562 709 1609 745 ab
1630 712 1770 744 aeterno
1791 710 1828 743 et

1052 756 1224 803 usquein
1245 759 1524 802 aeternum‚ego
1546 766 1693 802 quoque
1713 754 1826 791 mise-

1053 804 1235 840 ricordias
1253 803 1397 839 Domini
1409 803 1444 839 in
1459 808 1638 839 aeternum
1652 803 1825 839 cantabo.

1054 852 1199 895 Quanta
1213 851 1251 886 in
1264 851 1510 887 foraminibus
1527 856 1643 896 petrae
1665 849 1828 886 multitu-

1054 899 1101 935 do
1126 898 1348 942 dulcedinis,
1369 898 1561 944 plenitudo
1577 897 1722 943 gratiae,
1742 907 1828 942 per-

1054 945 1240 991 fectioque
1255 945 1451 981 virtutum!
1476 958 1493 979 ))
1516 945 1596 981 haec
1606 945 1826 981 Bernardus.

1055 994 1082 1030 O
1107 995 1269 1036 Domine,
1291 995 1384 1028 sieut
1413 994 1529 1028 exivit
1558 994 1709 1037 sanquis
1729 995 1827 1034 tuus,

1055 1043 1199 1087 copiosa
1206 1041 1403 1086 redemptio
1412 1044 1549 1084 nostra,
1557 1051 1628 1076 non
1637 1041 1829 1086 permittas

1054 1100 1108 1125 me
1134 1091 1173 1124 in
1199 1089 1288 1123 hora
1307 1090 1445 1132 mortis,
1467 1089 1524 1123 vel
1551 1089 1590 1123 in
1613 1087 1672 1122 die
1692 1087 1830 1132 judicii

1051 1138 1173 1184 perire
1191 1146 1269 1171 eum
1288 1137 1434 1181 impiis;
1451 1135 1514 1170 sed
1530 1145 1585 1170 me
1601 1138 1661 1170 tuo
1672 1137 1736 1181 pio
1752 1145 1830 1170 cru-

1056 1195 1114 1220 ore
1147 1184 1372 1228 redemptum
1405 1193 1564 1227 aqqreqa
1597 1193 1676 1218 cum
1709 1183 1830 1218 electis

1055 1234 1141 1272 tuis,
1165 1230 1413 1266 abscondendo
1436 1241 1489 1265 me
1505 1231 1653 1265 interim
1667 1230 1706 1264 in
1726 1231 1830 1272 fora-

1055 1279 1215 1315 minibus
1230 1282 1356 1324 petrae,
1373 1283 1405 1314 et
1420 1279 1459 1313 in
1479 1288 1632 1313 caverna
1650 1277 1828 1319 maceriae,

1056 1330 1090 1362 et
1103 1326 1326 1361 vulnerando
1338 1336 1392 1361 me
1405 1328 1558 1361 caritate
1568 1328 1644 1366 tua,
1657 1327 1699 1360 ut
1711 1334 1831 1360 amore

1056 1375 1261 1418 lanqueam.
1278 1373 1348 1416 Qui
1367 1375 1461 1408 enim
1474 1383 1554 1408 vere
1567 1376 1601 1408 te
1615 1372 1754 1416 diligit,
1762 1382 1830 1418 pro

1055 1425 1089 1457 te
1109 1422 1322 1456 vulneratur
1345 1425 1378 1456 et
1405 1421 1573 1465 lanquet;
1598 1423 1632 1455 et
1665 1419 1774 1455 donec
1798 1422 1832 1455 te

1055 1469 1192 1513 videat,
1214 1479 1236 1503 α
1262 1468 1391 1503 mundi
1422 1468 1626 1503 actionibus
1656 1469 1709 1502 est
1732 1467 1836 1513 velut·

1055 1520 1217 1551 mortuus
1243 1516 1398 1551 alienus.
1426 1516 1545 1551 Fortis
1575 1517 1639 1558 est,
1661 1516 1769 1556 enim,
1790 1517 1832 1550 ut

1054 1574 1164 1607 mors,
1180 1563 1325 1599 dilectio
1343 1567 1408 1599 tua
1418 1576 1429 1607 ,-
1451 1565 1484 1598 et
1501 1562 1596 1597 dura
1608 1562 1707 1597 velut
1719 1562 1830 1606 infer-

1053 1622 1122 1647 nus
1143 1611 1338 1646 aemulatio.

1105 1661 1145 1695 18
1181 1661 1384 1695 [nsposmo
1416 1668 1586 1693 conponis
1616 1656 1762 1693 Cnmsrx
1794 1667 1831 1693 ΙΝ

1055 1718 1163 1742 cauce
1182 1717 1309 1742 Posm.
1329 1727 1375 1732 —-
1393 1703 1597 1742 Considera
1615 1715 1716 1740 nune
1736 1703 1831 1740 bene

1056 1752 1223 1800 corporis
1246 1752 1396 1797 Christi,
1414 1752 1453 1788 in
1477 1763 1588 1788 eruce
1608 1750 1733 1796 positi,
1749 1750 1831 1787 dis-

1054 1800 1306 1848 positionem3
1330 1800 1418 1846 quia
1443 1810 1486 1836 ex
1510 1800 1581 1835 hoe
1603 1798 1642 1835 in
1669 1808 1774 1845 spem
1793 1801 1832 1835 et

1056 1847 1232 1884 fiduciam
1250 1847 1408 1893 rapieris
1421 1848 1617 1894 majorem,
1630 1849 1831 1883 attestante

1055 1896 1185 1932 eodem
1203 1895 1402 1939 BernardO,
1423 1895 1484 1941 qui
1505 1895 1556 1930 ait
1578 1909 1585 1931 :
1612 1894 1736 1937 «Quis
1754 1903 1831 1930 non

1054 1942 1222 1989 rapiatur
1249 1943 1296 1978 ad
1323 1953 1442 1989 spem,
1467 1946 1506 1978 et
1536 1941 1584 1978 ad
1602 1940 1830 1987 impetrandi

1055 1990 1339 2033 confidentiam,
1353 1989 1416 2036 qui
1435 1990 1515 2036 ejus
1532 1987 1734 2025 attenderit
1751 1998 1830 2024 eor-

1056 2037 1155 2084 poris
1172 2037 1457 2084 dispositionem
1468 2037 1486 2072 ?
1500 2036 1592 2073 Vide
1607 2038 1717 2082 caput
1730 2034 1831 2071 incli-

1054 2089 1184 2121 natum
1217 2085 1265 2121 ad
1293 2085 1475 2129 osculum,
1496 2083 1652 2121 brachia
1677 2086 1831 2120 extensa

1055 2133 1103 2169 ad
1135 2133 1361 2179 amplexum.
1391 2143 1523 2168 manus
1549 2131 1759 2178 perforatas
1782 2130 1831 2167 ad

1054 2179 1304 2227 largiendum,
1318 2181 1412 2216 latus
1423 2182 1590 2226 apertum
1606 2178 1654 2215 ad
1667 2177 1830 2224 diiigen-

1054 2227 1160 2272 dum,
1178 2228 1314 2273 pedum
1332 2226 1547 2263 affixionem
1566 2226 1613 2262 ad
1634 2224 1829 2261 nobiscum

1054 2275 1297 2319 manendum,
1318 2276 1486 2320 corporis
1504 2272 1760 2310 extensionem
1782 2272 1830 2308 ad

1055 2333 1093 2358 se
1110 2326 1229 2358 totum
1248 2321 1356 2359 nobis
1375 2321 1669 2369 impendendum
1685 2331 1693 2356 :
1712 2333 1731 2354 ι)
1749 2320 1829 2356 haec

1051 2370 1271 2406 Bernardus.
1496 2386 1501 2399 ··
1552 2395 1584 2443 7
1598 2371 1652 2429 [54
1690 2375 1718 2428 “K

1520 2450 1535 2455 ’“
1627 2425 1693 2458 ΡΨ
1715 2430 1727 2473 ἲ

1711 2479 1731 2490 A

939 2511 1110 2548 ORATIO

248 2644 407 2682 Domine
425 2647 513 2699 Jesu
535 2646 694 2693 Christe,
720 2649 784 2694 qui
808 2649 903 2686 hora
929 2647 1003 2685 diei
1023 2659 1123 2685 nona
1145 2649 1313 2696 pendens
1333 2650 1372 2686 in
1399 2648 1583 2697 patibulo,
1605 2651 1642 2684 et
1661 2648 1829 2686 clamans

199 2702 291 2728 voce
318 2703 535 2746 magna,·1n
572 2704 704 2746 manus
741 2696 863 2732 Patris
898 2696 1070 2743 spiritum
1095 2697 1382 2741 commendasti,
1413 2700 1462 2741 et,
1487 2695 1665 2732 inclinato
1692 2696 1826 2742 capite,

198 2740 568 2794 eumde·m·51›11²itum
589 2742 758 2787 emlsi>ti,
778 2747 814 2780 et
831 2744 909 2790 jam
936 2748 1105 2780 mortuus
1130 2746 1265 2781 vulnus
1299 2744 1443 2789 lateris,
1465 2744 1511 2780 de
1544 2743 1674 2779 lancea
1696 2743 1824 2780 militis

197 2790 390 2834 susceplstl
413 2799 422 2824 z
445 2790 617 2835 dignare,
638 2799 779 2837 quaesQ
799 2802 899 2828 nunc
918 2795 955 2828 et
975 2802 1137 2838 semper,
1156 2792 1328 2838 spiritum
1348 2802 1476 2828 meum
1496 2790 1566 2827 tibi
1583 2791 1822 2827 commenda-
