1872 3147
123 174 142 206 2
562 166 769 202 SECUNDAE
807 165 966 200 PARTIS
1005 164 1142 199 CAPUT
1182 164 1265 197 LVll

128 243 304 280 scientias
324 244 395 285 est,
412 238 573 275 volueris
591 236 790 282 proficere,
812 246 897 272 cum

127 301 265 338 magno
289 288 411 326 studio
437 283 626 332 oportebit
643 288 679 319 te
705 294 728 320 a
753 282 836 319 cibo
863 286 900 319 et

125 343 217 385 potu
239 338 397 374 delicato
423 332 613 369 abstinere
639 334 676 366 et
701 330 749 366 ad
774 340 899 366 neces-

127 385 275 421 sitatem
294 386 438 419 tantum
460 389 573 426 parce
592 378 639 414 de
657 380 818 424 utroque
836 388 898 413 su-

125 442 242 468 mere.
268 431 384 467 Coena
415 436 564 473 quoque
601 428 788 462 nocturna
821 424 900 460 sive

123 484 249 526 potus,
278 476 439 513 multum
458 472 615 520 impedit
634 474 843 509 orationem
865 473 902 507 ct

123 522 494 571 contemplationem,
506 524 736 567 quapropter
747 518 898 555 essetab

123 572 177 609 eis
192 583 258 618 pro
275 581 383 618 posse
399 568 678 605 abstinendum.
690 568 720 602 A
735 565 901 602 vestibus

124 629 273 666 quoque
293 628 337 655 ac
356 615 462 653 lectis
481 615 654 651 mollibus
675 618 711 650 et
730 613 900 649 delicatis

122 666 326 710 abstineas,
340 663 425 701 etin
446 662 580 699 vestitu
594 663 689 698 sicut
701 660 787 696 etin
802 659 901 695 victu

123 712 346 755 humilieris,
362 710 614 757 grossioribus
636 708 777 745 utendo
799 711 836 743 et
851 706 902 742 vi-

124 760 295 797 lioribus.
319 759 473 804 Oportet
499 757 613 793 etiam
644 755 746 801 quod
769 765 902 790 caveas
942 791 943 794 ,

126 819 150 844 a
176 805 428 852 multiloquio,
451 808 563 850 atque
588 803 719 839 laetitia
743 812 840 838 vana
868 804 904 837 et
939 822 941 835 ι

125 856 266 902 inepta.
290 854 379 899 quia
400 863 474 888 non
496 852 601 887 decet
623 861 707 886 eum
733 849 795 894 qui
823 848 904 884 vult

125 901 262 939 Christi
281 901 451 937 dolorem
472 897 628 942 sentire,
642 897 680 932 in
699 895 839 939 verbis,
857 894 903 930 ri-

125 949 242 994 sibus,
263 947 408 984 lusibus
425 949 462 982 et
481 945 618 992 gaudio
640 953 748 985 vano,
766 953 805 978 se
824 942 904 978 inu-

121 996 239 1033 tiliter
273 1004 472 1040 occupare.
506 991 768 1028 Necessarium
801 988 903 1025 enim

123 1045 208 1088 erit,
227 1046 270 1079 ut
288 1040 491 1087 aliquando
510 1038 563 1075 ita
584 1037 726 1084 cogites
744 1040 780 1073 te
806 1046 902 1082 prae-

123 1096 268 1127 sentem
303 1087 529 1133 cogitatione
560 1089 645 1129 tua,
673 1095 717 1121 ac
751 1083 782 1120 si
814 1087 903 1119 tunc

123 1136 322 1184 temporis,
340 1135 391 1172 ibi
413 1143 583 1181 praesens
601 1132 734 1168 fuisses
753 1132 902 1177 quando

122 1195 256 1232 passus
268 1183 356 1227 fuit3
378 1185 415 1218 et
432 1182 530 1217 itate
544 1180 684 1216 habeas
701 1178 904 1224 inloquen-

123 1232 186 1277 do,
199 1231 239 1268 in
251 1229 427 1273 vivendo,
441 1228 478 1264 in
494 1227 655 1264 dolendo
670 1236 713 1262 ac
732 1225 763 1262 si
782 1224 904 1262 Domi-

123 1289 216 1316 num
231 1282 338 1315 tuum
355 1286 481 1313 coram
503 1276 620 1311 oculis
636 1273 712 1310 tuis
729 1282 905 1309 cerneres

124 1326 345 1374 patientem.
369 1325 424 1359 Ita
444 1321 546 1359 enim
568 1325 606 1358 et
626 1321 705 1367 ipse
726 1321 904 1356 Dominus

126 1375 166 1410 in
187 1372 320 1420 spiritu
340 1371 408 1407 tibi
425 1379 590 1416 praesens
611 1370 695 1413 erit,
718 1369 815 1404 sicut
831 1378 854 1403 a
869 1371 905 1403 te

127 1420 356 1467 cogitabitur
373 1427 539 1464 praesens
566 1426 668 1460 esse;
691 1418 727 1450 et
749 1415 906 1460 accipiet

127 1471 194 1504 tua
210 1472 310 1510 vota,
329 1470 366 1502 et
386 1462 596 1509 acceptabit
613 1467 678 1498 tua
699 1462 808 1497 facta.

178 1529 195 1551 2
242 1515 332 1550 Hmc
375 1521 638 1548 nnconnmmm
687 1519 905 1544 costLArio

126 1572 299 1599 numus
337 1570 410 1596 NON
448 1568 638 1594 coxenmr.
678 1577 724 1582 —
759 1557 826 1599 Et,
865 1557 908 1591 ut

127 1610 293 1646 breviter
318 1607 453 1650 dicam,
474 1604 664 1651 oportebit
691 1609 725 1639 te
750 1613 772 1639 a
797 1603 907 1638 dele-

127 1656 294 1693 ctatione
313 1657 350 1690 et
369 1651 626 1689 consolatione
644 1650 801 1691 carnali,
821 1659 907 1685 cum

127 1713 267 1750 magna
275 1701 473 1746 diligentia
482 1697 665 1744 elongari,
677 1700 714 1734 et
725 1703 764 1733 ut
777 1706 908 1732 amara

127 1756 165 1788 et
203 1751 297 1786 dura
335 1747 403 1784 tibi
445 1746 679 1789 dulcescant,
710 1748 747 1780 et
781 1743 908 1780 suavia

126 1799 238 1842 fiant,
257 1798 288 1832 si
308 1795 348 1831 in
371 1793 510 1831 Christi
535 1791 729 1829 doloribus
748 1793 786 1827 et
813 1790 908 1827 Pas-

127 1846 235 1883 sione
254 1841 552 1880 consolationem
569 1843 606 1876 et
621 1839 750 1875 dulces
771 1837 908 1874 animae

127 1897 202 1929 tuae
223 1891 342 1937 dapes
364 1888 471 1934 cupis
490 1887 676 1923 invenire.
698 1887 780 1922 Non
806 1896 907 1921 enim

128 1941 226 1977 bene
242 1938 471 1974 conveniunt
491 1933 700 1970 consolatio
718 1932 856 1977 carnis,
873 1935 909 1968 et

130 1984 396 2032 contemplatio
409 1982 614 2019 Dominicae
629 1980 812 2016 Passions
822 1991 831 2024 3
843 1980 907 2015 sed

129 2035 322 2071 contraria
354 2029 462 2077 quasi
498 2030 653 2065 nomina
686 2028 907 2071 sortiuntur,

128 2092 200 2118 nec
233 2082 387 2126 possunt
419 2077 530 2114 simul
570 2086 655 2112 caro
693 2078 730 2111 et
756 2074 909 2121 spiritus

130 2128 323 2170 delectari,
342 2126 432 2169 imo,
450 2124 657 2160 secundum
672 2123 906 2167 Apostolum,

129 2175 202 2213 sibi
229 2174 390 2211 invicem
414 2172 673 2209 adversantur.
697 2169 802 2206 Unde
822 2171 903 2205 Ber-

127 2223 269 2260 nardus
287 2234 298 2257 .·
322 2235 339 2255 «
361 2221 456 2257 Crux
480 2218 615 2255 Christi
636 2215 819 2263 voluptati
840 2216 906 2252 ad-

128 2273 313 2313 versatur,
337 2272 375 2304 et
399 2267 571 2312 voluptas
598 2264 720 2308 cruci;
749 2269 786 2300 et
811 2274 905 2309 quo-

127 2317 240 2353 modo
274 2319 435 2363 possunt
471 2311 639 2350 excusari
673 2311 905 2358 voluptatum

124 2367 324 2406 amatores,
340 2365 381 2398 ut
397 2372 472 2397 non
490 2360 565 2397 sint
580 2358 716 2396 Christi
731 2369 906 2405 persecu-

124 2415 227 2448 tores
240 2410 258 2446 ?
278 2409 344 2446 Rei
365 2410 466 2445 enim
485 2408 580 2443 fiunt
601 2406 733 2442 mortis
751 2404 902 2449 Christi,

122 2462 159 2495 et
182 2458 216 2497 si
243 2468 320 2493 non
347 2461 389 2492 ut
409 2457 683 2502 persecutores,
704 2456 831 2489 tamen
862 2455 905 2488 ut

119 2508 238 2542 tantae
252 2503 306 2540 rei
323 2505 616 2549 contemptores.
638 2514 656 2535 »
673 2502 718 2536 Et
736 2502 872 2536 iterum
891 2509 899 2535 :

119 2566 138 2587 «
157 2554 255 2588 Mihi
285 2550 384 2586 absit
416 2550 588 2594 9ἰονὶανί,
625 2549 701 2583 nisz·
726 2549 765 2583 in
800 2557 903 2583 cruce

115 2601 263 2636 Domini
297 2599 369 2634 mei
392 2598 478 2633 Jesu
506 2596 665 2638 christi‚·
699 2605 766 2640 per
797 2604 902 2640 quem

117 2648 210 2684 mihi
235 2646 394 2682 mundus
430 2645 629 2689 crucifioeus
662 2649 733 2686 est,
771 2646 805 2677 et
837 2651 899 2685 eqo

118 2695 264 2732 mundo.
281 2694 364 2729 Non
385 2691 521 2735 solum,
541 2689 666 2737 inquit
687 2689 897 2735 Apostolus,

118 2744 289 2779 mortuus
319 2739 482 2784 mundo,
516 2737 583 2774 sed
612 2743 649 2773 et
679 2735 895 2780 crucifixus,

117 2789 305 2837 quodest
340 2784 740 2833 ignominiosissimum
775 2793 892 2829 genus

974 238 1119 270 mortis.
1141 234 1215 278 Ego
1234 232 1303 276 illi,
1325 236 1361 267 et
1384 233 1464 277 ipse
1487 233 1594 270 inihi.
1616 232 1753 269 Omnia

974 291 1058 327 quae
1086 280 1249 316 mundus
1278 283 1380 315 amat
1399 290 1489 316 crux
1514 279 1607 315 mihi
1636 282 1751 316 sunt:

974 327 1172 365 delectatio
1206 327 1350 370 carnis,
1379 326 1536 372 divitiae,
1572 327 1750 369 honores,

974 386 1079 411 vanae
1118 373 1311 410 hominum
1353 373 1504 418 laudes;
1539 385 1623 420 quae
1663 383 1752 409 vero

974 423 1136 459 mundus
1158 423 1307 466 reputat
1330 431 1494 464 crucem,
1515 420 1590 457 illis
1619 420 1755 457 affixus

974 481 1072 514 sum,
1084 469 1158 505 illis
1172 469 1360 511 adhaereo,
1375 468 1438 503 illa
1453 470 1532 503 toto
1544 468 1754 514 amplector

975 517 1124 553 affectu.
1152 516 1325 559 Quamvis
1345 515 1383 550 in
1407 514 1466 550 his
1487 514 1655 561 Apostoli
1674 523 1755 549 ver·

975 564 1032 600 bis
1045 563 1136 599 illud
1155 574 1304 609 quoque
1319 573 1394 598 non
1408 561 1616 607 incongrue
1636 559 1758 607 possit

975 610 1148 657 intelligi,
1164 610 1382 646 crucifixum
1395 609 1427 645 ei
1443 609 1625 645 mundum
1641 618 1755 654 repu-

975 658 1132 702 tatione,
1143 657 1266 704 ipsum
1281 668 1369 693 vero
1387 656 1525 692 mundo
1539 655 1755 692 crucifixum

976 705 1235 752 compassione
1246 716 1254 748 ;
1266 703 1485 740 crucifixum
1495 703 1595 739 enim
1606 702 1755 739 videbat

977 754 1159 789 mundum
1185 751 1479 791 obligationibus
1504 750 1695 795 vitiorum,
1718 752 1755 786 et

978 799 1057 846 ipse
1079 799 1369 844 crucifigebatur
1388 799 1421 833 ei
1439 808 1507 844 per
1528 796 1755 842 compassio-

980 847 1039 883 nis
1069 847 1244 882 asfectum
1268 857 1276 881 ε
1304 859 1323 878 >>
1357 847 1437 881 haec
1462 845 1683 881 Bernardus.
1714 845 1758 880 Et

939 896 940 906 ³
980 893 1081 938 quia,
1097 897 1136 929 ut
1157 893 1245 929 dicit
1267 893 1476 936 Greqorz'us,
1497 891 1580 928 sine
1597 891 1757 928 delecta-

979 941 1084 977 tione
1111 939 1237 976 anima
1263 949 1471 985 numquam
1499 941 1620 986 potest
1647 948 1755 975 esse:

982 998 1068 1023 nam
1087 991 1151 1024 aut
1169 986 1310 1022 infimis
1328 986 1554 1030 delectatur,
1573 988 1638 1022 aut
1657 995 1758 1022 sum-

982 1034 1074 1079 mis3
1101 1035 1199 1078 ideo,
1216 1034 1312 1070 heu!
1335 1033 1441 1070 multi
1463 1033 1760 1070 consolationem

981 1081 1147 1118 divinam
1189 1092 1263 1117 non
1298 1080 1554 1124 invenientes,
1585 1079 1761 1127 protinus

981 1129 1128 1165 inhiant
1144 1129 1191 1164 ad
1210 1129 1338 1173 aliam,
1354 1133 1390 1163 et
1410 1127 1463 1164 sic
1478 1127 1658 1174 sibiJuste
1676 1126 1760 1164 sub-

981 1177 1136 1213 trahunt
1163 1176 1345 1211 divinam.
1379 1175 1485 1211 Unde
1512 1175 1721 1211 Bernardus
1747 1187 1758 1209 .·

982 1237 1000 1258 «
1025 1222 1160 1260 Renuit
1175 1221 1362 1259 consolari
1381 1222 1510 1258 anima
1524 1225 1590 1258 tua
1605 1221 1644 1258 in
1661 1220 1772 1265 aliis,

982 1271 1011 1307 si
1028 1272 1083 1307 vis
1101 1271 1138 1306 in
1154 1269 1221 1306 Dei
1240 1271 1423 1306 memoria
1439 1269 1630 1306 delectari.
1645 1269 1759 1313 Cujus

981 1318 1028 1355 ad
1054 1317 1147 1354 alias
1178 1318 1453 1353 consolationes
1483 1327 1589 1353 mens
1622 1315 1757 1360 inhiat,

982 1371 1018 1402 et
1039 1376 1112 1402 non
1131 1364 1276 1411 penitus
1296 1364 1334 1400 in
1357 1363 1507 1400 caducis
1527 1367 1565 1400 et
1580 1362 1757 1399 transito-

981 1413 1047 1449 riis
1069 1412 1195 1449 renuit
1218 1412 1418 1455 consolari,
1440 1410 1519 1457 ipse
1539 1410 1611 1448 sibi
1630 1410 1758 1458 profe-

983 1463 1040 1495 cto
1059 1459 1218 1495 coelestis
1240 1458 1426 1495 subtrahit
1446 1457 1608 1505 gratiam
1624 1468 1758 1494 conso-

982 1506 1156 1551 lationis3
1192 1516 1304 1551 quam
1337 1505 1368 1541 si
1400 1506 1512 1552 digna
1543 1506 1757 1545 devotione,

981 1554 1094 1600 pleno
1131 1553 1284 1597 affectu,
1322 1551 1510 1589 desiderio
1545 1551 1758 1589 vehementi

983 1604 1124 1647 petere,
1157 1611 1348 1646 quaerere,
1372 1600 1524 1646 pulsare
1550 1602 1758 1645 satageret,

984 1650 1063 1683 sine
1084 1647 1197 1683 dubio
1220 1651 1348 1692 petens
1366 1647 1566 1693 acciperet,
1583 1657 1760 1692 quaerens

983 1694 1181 1738 inveniret,
1206 1693 1370 1740 pulsanti
1391 1695 1615 1740 aperiretur.
1640 1706 1658 1727 »
1679 1695 1759 1730 Non

985 1752 1075 1788 ergo
1097 1752 1246 1788 quaeras
1267 1740 1565 1777 consolationem
1585 1740 1713 1784 aliam,
1731 1739 1759 1775 si

985 1789 1091 1835 cupis
1117 1790 1255 1825 habere
1277 1787 1456 1833 divinam,
1479 1788 1580 1834 quia,
1601 1791 1641 1825 ut
1660 1787 1761 1824 idem

985 1836 1075 1872 dicit
1105 1837 1330 1880 Bcrnarclus,
1361 1836 1522 1872 delicata
1550 1839 1605 1872 est
1634 1834 1761 1871 divina

987 1883 1208 1927 consolatio,
1220 1887 1386 1929 quae'non
1406 1883 1518 1919 datur
1533 1881 1760 1919 admittenti-

984 1931 1055 1967 bus
1074 1931 1260 1974 alienam;
1282 1941 1348 1966 nec
1368 1929 1509 1975 duplici
1528 1929 1670 1974 via,vel
1687 1930 1758 1966 du-

984 1977 1070 2024 plici
1092 1978 1229 2014 affeetu
1250 1988 1398 2024 quaeras
1411 1977 1578 2014 divinam
1592 1977 1759 2013 consola-

984 2025 1138 2062 tionem.
1169 2027 1258 2071 quia
1288 2025 1483 2069 indignum
1511 2029 1548 2061 te
1581 2024 1758 2061 redderes

984 2074 1029 2109 ad
1049 2073 1234 2109 eamdem.
1250 2073 1353 2108 Unde
1367 2073 1504 2108 ilerum
1523 2072 1731 2108 Bernartius
1747 2083 1757 2106 τ

985 2134 1003 2154 «
1027 2120 1205 2165 Indignus
1223 2119 1486 2155 benedictione
1506 2118 1646 2155 coelesti
1667 2129 1757 2155 con·

984 2167 1165 2211 vincitur,
1195 2166 1259 2213 qui
1290 2167 1404 2203 dubio
1439 2169 1574 2212 quaerit
1605 2166 1756 2209 affectu,

983 2214 1121 2261 duplici
1158 2214 1248 2260 petit
1280 2213 1508 2256 intentione,
1549 2212 1651 2250 aliud
1687 2211 1756 2249 sibi

981 2263 1167 2308 refugium
1200 2271 1354 2308 parans,
1388 2261 1418 2297 si
1451 2261 1546 2296 forte
1573 2270 1656 2296 eam
1682 2271 1757 2296 non

982 2309 1151 2346 obtinere
1168 2308 1383 2354 contingat:
1401 2321 1419 2341 »
1443 2309 1521 2344 haec
1533 2307 1755 2344 Rerum-dus.

981 2358 1118 2393 Manna
1145 2355 1280 2391 defecit
1299 2354 1387 2390 filiis
1412 2356 1524 2391 lsrael
1558 2358 1756 2402 postquam

981 2403 1225 2440 comederunt
1252 2404 1297 2438 de
1323 2402 1493 2448 frugibus
1519 2407 1631 2438 terrae
1654 2413 1662 2437 :
1692 2411 1756 2448 per

981 2461 1119 2486 manna
1139 2449 1240 2496 quod
1258 2450 1414 2485 habebat
1433 2451 1473 2485 in
1489 2460 1527 2485 se
1543 2460 1645 2485 omne
1664 2449 1754 2484 dele-

979 2501 1210 2542 ctamentum,
1233 2501 1266 2532 et
1285 2499 1401 2532 omnis
1425 2498 1568 2542 saporis
1588 2498 1754 2532 suavita-

977 2548 1061 2589 tem,
1092 2544 1326 2590 significatur
1351 2543 1516 2580 suavitas
1538 2545 1640 2587 Jesu,
1670 2552 1753 2588 quae

977 2592 1104 2628 deficit
1120 2590 1206 2627 liliis
1218 2591 1347 2635 Israel,
1358 2590 1395 2626 id
1407 2594 1464 2627 est
1475 2588 1751 2633 claustralibus,

977 2650 1061 2675 cum
1088 2637 1272 2684 incipiunt
1298 2639 1495 2675 comedere
1516 2638 1562 2674 de
1585 2636 1753 2683 frugibus

974 2689 1101 2731 terrae,
1125 2686 1161 2721 id
1182 2688 1239 2722 est
1260 2685 1350 2722 dare
1370 2696 1410 2722 se
1430 2685 1592 2721 terrenis
1617 2693 1750 2720 conso-

974 2733 1189 2770 lationibus.
1224 2733 1329 2769 Unde
1362 2734 1596 2777 Auqustinus
1625 2743 1636 2766 .-

972 2781 1118 2817 animus
1136 2781 1249 2817 habet
1263 2780 1364 2817 unde
1383 2780 1592 2816 delectatur
1608 2776 1747 2814 extrin-

1667 2743 1685 2764 «
1713 2729 1748 2767 Si
