1924 3157
146 180 183 212 δῖ
604 170 810 206 snccxnffi
847 171 1000 206 PARTls
1039 177 1176 210 mritr
1214 176 1309 209 ixit

148 247 312 287 judaeos,
337 244 401 290 qui
430 243 564 285 Legem
590 242 775 276 noverant
805 242 841 275 et
864 238 919 274 in-

150 294 247 330 vidia
268 292 516 327 movebantur
536 299 544 323 :
567 290 762 333 Propterea
783 288 847 332 qui
865 296 920 321 me

149 340 308 378 tradidit
335 339 416 381 tibi,
441 335 561 380 majus
586 337 772 381 peccatum
798 334 917 369 habet.

153 402 170 422 «
196 388 283 423 Plus
310 384 409 421 enim
447 386 590 428 peccat,
608 386 650 418 ut
664 381 717 417 ait
736 382 918 426 Auqusti-

152 446 234 476 nus,
253 432 315 478 qui
337 429 512 477 potestati
546 429 786 465 innocentem
822 426 918 464 occi-

151 481 316 518 denduin
338 478 455 514 livore
475 476 604 520 tradit,
621 486 732 522 quam
752 478 920 521 potestas

152 529 248 574 ipsa,
274 527 303 562 si
326 536 410 562 eum
432 523 566 560 timore
587 522 742 560 alterius
764 521 920 568 majoris

151 573 348 622 potestatis
379 570 527 608 occidit.
550 572 622 607 Nec
648 569 814 606 timendo
839 567 920 614 qui-

152 623 252 664 dem,
285 617 497 667 praesertim
527 617 781 660 innocentem,
808 618 920 652 homo

150 668 343 706 hominem
364 666 476 703 debet
493 665 684 708 occidere;
708 664 773 699 sed
796 666 921 698 tamen

152 716 190 752 id
217 715 371 752 zelando
404 714 541 757 facero,
563 712 681 748 multo
703 709 822 755 magis
840 720 921 745 ma-

152 764 229 800 lum
259 766 315 799 est
336 771 450 808 quam
478 759 645 795 timendo
669 770 677 794 :
702 772 719 791 n
741 758 822 792 hoec
841 757 922 792 Au-

154 812 337 856 yustitztcs.
365 810 409 844 Et
440 807 612 843 similiter
644 804 803 841 traditor
839 804 923 849 plus

154 856 336 904 peccavit,
356 855 417 901 qni
437 865 506 900 pro
521 856 666 899 quaestu
684 862 769 888 eum
783 850 924 887 Judaeis

156 904 323 941 tradidit.
347 902 464 946 Majus
498 911 587 945 ergo
615 903 696 936 erat
732 901 924 944 peccatum

153 952 263 989 Judae
301 953 337 986 et
375 949 605 990 Judaeorum,
639 956 751 991 quam
785 944 923 996 Pilati—3

155 1000 243 1046 quia
255 998 301 1033 ad
321 995 547 1033 occisionem
570 992 705 1030 Christi
720 992 836 1029 Juslas
858 992 926 1027 suit

154 1049 281 1082 motus
307 1042 524 1089 cupiditate.
546 1040 669 1077 Judaei
691 1044 816 1076 autem
838 1049 926 1074 ran-

159 1103 268 1134 core;
287 1091 352 1127 sed
380 1089 521 1125 Pilatus
544 1089 710 1124 humano
731 1086 879 1122 timore.

206 1143 248 1176 26
267 1139 335 1175 SED
355 1139 553 1174 JL'DAEORL'M
572 1145 790 1171 cmuoiusscs
807 1144 928 1168 runni-

156 1199 234 1229 Trs‚
263 1197 330 1222 pao
351 1195 540 1220 TRIBCNALI
559 1193 794 1219 tL'DICATL'RUS
816 1191 926 1216 SEDIT.

156 1255 201 1261 —
222 1236 269 1270 Et
289 1233 436 1277 eaeincle,
465 1232 501 1266 id
525 1234 582 1266 est
605 1241 648 1266 ex
666 1230 735 1265 hac
752 1239 876 1271 causa,
894 1230 930 1263 et

156 1285 311 1328 propter
336 1280 421 1322 hoc,
440 1277 581 1314 scilicet
607 1287 655 1312 ne
682 1278 865 1321 peccaret,
894 1277 930 1310 et

156 1331 352 1375 peccatum
384 1326 542 1361 haberet
572 1322 776 1360 occidendo
813 1323 930 1357 inno-

157 1378 320 1417 centem,
337 1376 374 1409 et
389 1372 455 1408 Dei
472 1370 622 1414 Filium,
635 1370 816 1415 quaerebat
834 1370 930 1404 Pila-

156 1426 215 1458 tus
230 1423 411 1457 dimittere
423 1429 501 1454 eum
520 1419 747 1459 absolutum,
761 1414 930 1459 quamvis

157 1469 283 1505 minus
301 1470 398 1503 esset
413 1476 573 1512 peccans
590 1474 702 1510 quam
719 1463 797 1507 alii,
814 1462 931 1499 Judas

159 1515 302 1552 scilicet
322 1518 358 1550 et
378 1513 514 1557 Judaei,
536 1513 599 1558 qui
618 1509 857 1547 tradiderunt
878 1509 931 1545 il-

159 1563 237 1599 lum
260 1574 269 1598 t
292 1572 368 1598 non
389 1560 487 1606 quod
506 1563 594 1595 tunc
615 1557 780 1605 primum
806 1556 930 1593 conci-

159 1614 280 1656 peret,
295 1609 359 1645 sed
375 1610 403 1644 si
414 1606 520 1654 prius
533 1607 696 1649 volebat,
709 1604 822 1640 modo
835 1614 932 1649 quae-

158 1658 279 1693 rebat.
297 1657 419 1701 Supra
432 1654 532 1690 enim
548 1653 720 1690 tentabat
735 1653 863 1688 Jesum
880 1651 932 1687 di-

161 1704 325 1747 mittere;
336 1702 402 1739 sed
409 1705 545 1738 extunc
556 1699 708 1736 omnino
719 1702 755 1734 et
764 1702 934 1734 constan-

159 1753 187 1787 ti
211 1750 336 1787 animo
355 1749 547 1795 quaerebat
566 1748 637 1783 hoe
658 1747 794 1782 facere.
815 1746 934 1781 Judaez·

161 1802 280 1834 autem
292 1808 368 1833 non
377 1796 545 1831 valentes
556 1805 622 1841 per
630 1794 744 1829 falsas
755 1791 934 1829 accusati-

160 1840 892 1888 onescircumvenirejudicem,nituntur
900 1839 935 1876 ei

164 1893 210 1929 de
227 1891 368 1938 injuria
383 1889 538 1927 Caesaris
556 1889 728 1935 ingerere
744 1887 933 1931 timorem,

162 1942 200 1975 et
210 1939 293 1976 ideo
305 1938 352 1974 de
363 1938 433 1973 hoc
445 1936 566 1982 magis
579 1945 689 1981 quam
702 1935 747 1971 de
760 1935 936 1970 omnibus

160 1985 331 2032 superius
348 1984 456 2021 dictis
477 1994 562 2020 eum
582 1987 725 2019 terrere
742 1985 933 2028 putantes,

159 2034 381 2075 clamabant,
402 2032 588 2067 dicentes:
616 2031 657 2067 Si
684 2031 776 2065 hunc
807 2029 935 2064 dimit-

159 2083 223 2123 tis,
240 2079 303 2126 qui
320 2090 360 2115 se
378 2080 518 2125 Regem
537 2077 639 2118 facit,
655 2087 726 2112 non
744 2087 779 2112 es
798 2078 936 2111 amicus

159 2131 197 2164 et
216 2126 339 2163 fidelis
358 2127 530 2162 minister
547 2126 714 2168 Caesaris,
732 2123 771 2160 id
785 2126 841 2159 est
862 2134 937 2159 non

160 2175 260 2211 zelas
279 2184 346 2220 pro
368 2174 513 2209 honore
544 2175 582 2209 et
616 2174 757 2207 statuto
793 2170 938 2206 domini

162 2221 217 2257 tui
237 2220 497 2261 custodiendo,
514 2222 550 2255 et
568 2218 651 2255 ideo
667 2218 872 2254 amicitiam
890 2217 936 2252 il-

160 2268 232 2304 lius
249 2267 412 2304 amittes.
430 2268 554 2304 Omnis
571 2268 665 2302 enim
682 2267 747 2311 qui
763 2276 800 2300 se
818 2275 937 2309 regem

161 2317 270 2360 facit,
288 2316 506 2361 usurpando
525 2316 753 2360 potestatem
772 2312 935 2356 sibimet,

159 2363 377 2398 contradicit
395 2363 541 2398 Caesari.
562 2362 817 2407 Imperatores
835 2358 937 2395 enim

159 2408 318 2446 Romani
337 2409 568 2444 abstulerant
585 2419 607 2444 a
625 2406 767 2444 Judaeis
793 2406 937 2452 regiam

163 2455 406 2502 dignitatem,
424 2459 461 2491 et
477 2455 577 2499 ideo,
594 2454 656 2500 qui
672 2454 771 2489 inter
784 2455 938 2489 Judaeos

166 2503 316 2539 dicebat
329 2513 368 2538 se
380 2513 461 2538 esse
474 2512 615 2547 regem,
628 2500 826 2536 videbatur·
839 2501 938 2536 sace-

158 2561 200 2586 re
221 2555 353 2586 contra
374 2548 617 2595 Imperatoris
641 2547 934 2591 ordinationem,

159 2597 241 2633 sine
262 2598 370 2641 cujus
386 2606 574 2631 consensu
594 2605 671 2630 non
690 2595 834 2630 solebat
852 2594 936 2640 quis

158 2644 269 2680 titulo
292 2643 344 2679 uti
367 2644 485 2689 regio.
509 2643 595 2678 Haec
614 2643 714 2677 enim
734 2641 936 2688 potestatis

157 2696 211 2727 est
227 2694 390 2726 terrenae
410 2692 557 2733 natura,
577 2689 677 2733 quod
698 2699 774 2725 una
792 2693 848 2724 est
868 2689 935 2724 im-

156 2738 304 2784 patiens
342 2736 524 2774 consortii
558 2736 731 2779 aliarum,
764 2736 864 2772 unde
898 2738 935 2771 et

156 2786 244 2824 ideo
263 2786 388 2823 Caesar
407 2795 483 2821 non
502 2784 716 2832 patiebatur
735 2782 850 2820 atium
871 2783 934 2819 do-

994 243 1142 280 minari.
1163 244 1229 281 Ubi
1253 245 1550 288 Chrysostomtcs:
1572 245 1648 279 «Et
1666 242 1768 279 unde

993 290 1139 327 habetis
1160 292 1420 327 demonstrare
1441 291 1568 327 hoc:a
1584 300 1766 336 purpura,

993 347 1015 373 a
1033 338 1259 383 diademate,
1278 349 1299 374 a
1317 338 1434 382 curia,
1452 338 1508 374 vel
1528 349 1549 374 a
1566 336 1768 373 militibus?

994 386 1124 421 Nonne
1155 387 1255 422 solus
1289 395 1437 432 semper
1467 395 1550 421 cum
1575 382 1768 430 discipulis

994 432 1204 484 incedebat,
1237 443 1305 479 per
1322 431 1448 468 omnia
1485 431 1608 468 viliter
1641 434 1768 466 trans-

993 489 1088 522 iens,
1113 483 1149 515 et
1169 479 1293 516 cibum
1317 482 1353 515 ct
1388 478 1554 515 scholam
1574 481 1609 514 ot
1626 477 1770 514 habita-

993 527 1133 563 tionem
1147 528 1164 562 ?
1185 539 1202 560 »
1220 528 1364 562 Pilatus
1383 529 1502 562 autem
1517 536 1595 561 cum
1609 525 1771 560 audisset

993 574 1055 609 hos
1077 584 1269 617 sermones,
1293 576 1329 609 et
1347 572 1470 609 minas
1499 572 1569 609 sibi
1597 570 1729 608 inferri
1750 581 1772 607 a

993 622 1132 666 populo
1157 621 1204 657 de
1226 620 1486 666 indignatione
1510 619 1682 660 Caesaris,
1704 618 1772 654 ad-

994 668 1068 703 huc
1086 668 1169 714 plus
1187 667 1323 704 timuit.
1347 669 1454 711 Nam,
1473 667 1679 703 secundum
1697 667 1774 701 Au-

994 722 1194 765 qustinum,
1212 731 1287 757 non
1306 720 1357 756 sic
1377 719 1501 766 potuit
1524 719 1666 756 Pilatus
1687 728 1776 754 con-

995 770 1162 804 temnere
1185 769 1370 804 Caesarem
1393 771 1585 804 auctorem
1603 768 1774 813 potesta-

996 819 1041 857 tis
1062 832 1154 865 suae,
1177 821 1498 867 quemadmodum
1520 821 1656 867 Legem
1682 830 1774 865 gen-

996 869 1045 905 tis
1068 868 1214 905 alienae.
1235 868 1385 904 Timcns
1408 878 1497 913 ergo
1521 868 1722 910 Caesarem,
1741 869 1777 902 et

1000 927 1077 952 non
1099 916 1243 951 audeus
1277 916 1392 951 etiam
1426 914 1631 950 secundum
1662 913 1775 950 mini-

1000 973 1101 999 mam
1121 961 1382 1008 apparentiam
1403 962 1526 998 facere
1547 963 1679 997 contra
1696 961 1777 1007 ejus

1000 1011 1198 1053 honorem,
1221 1009 1384 1044 adduxit
1402 1010 1519 1053 foras,
1538 1008 1577 1045 id
1598 1011 1654 1044 est
1674 1011 1779 1044 extra

1001 1056 1221 1105 praetorium
1235 1058 1369 1099 Jesum,
1383 1059 1416 1091 et
1427 1057 1523 1091 sedit
1531 1066 1598 1102 pro
1613 1055 1777 1092 tribuna-

1004 1107 1045 1149 li,
1063 1104 1099 1140 id
1117 1108 1173 1140 est
1191 1108 1276 1139 ante
1296 1103 1462 1139 tribunal
1482 1104 1539 1139 vel
1555 1103 1594 1138 in
1611 1102 1779 1139 tribuna-

1003 1151 1049 1196 1i;
1071 1162 1158 1187 nam
1176 1150 1274 1197 apud
1295 1151 1444 1186 Graecos
1461 1151 1541 1186 haec
1562 1148 1778 1197 praepositio

1000 1209 1082 1245 pro,
1106 1198 1207 1234 idem
1229 1201 1286 1233 est
1310 1197 1410 1243 quod
1431 1201 1517 1234 ante
1549 1198 1607 1234 vel
1635 1198 1687 1240 in,
1709 1196 1780 1232 hoc

1004 1250 1059 1283 est
1090 1246 1185 1281 sedit
1218 1243 1257 1280 in
1284 1244 1365 1280 loco
1393 1244 1493 1281 sedis
1510 1244 1697 1291 judicare,
1716 1254 1781 1280 seu

1004 1294 1050 1330 ad
1088 1292 1349 1339 judicandum,
1386 1292 1486 1337 quod
1524 1295 1580 1328 est
1613 1290 1780 1327 officium

1004 1340 1169 1376 sedentis
1187 1339 1224 1374 in
1245 1339 1440 1374 tribunali.
1457 1341 1520 1375 Est
1538 1338 1638 1375 enim
1659 1337 1780 1374 tribu-

1004 1387 1067 1423 nal
1092 1386 1200 1422 sedes
1217 1385 1404 1432 judicum,
1427 1386 1523 1422 sicut
1541 1387 1703 1426 thronus
1723 1384 1780 1421 vel

1005 1433 1141 1471 solium
1162 1443 1295 1478 regum
1314 1437 1383 1476 est,
1401 1436 1439 1469 et
1458 1434 1637 1469 cathedra
1654 1432 1782 1468 docto-

1003 1492 1100 1518 rum.
1130 1482 1173 1516 Et
1201 1481 1336 1516 dicitur
1362 1481 1539 1524 tribunal,
1565 1480 1652 1527 quia
1680 1478 1780 1526 apud

1006 1531 1195 1565 Romanos
1213 1526 1353 1563 tribuni
1380 1538 1511 1564 causas
1537 1526 1782 1574 particulares

1006 1576 1274 1618 decernebant,
1294 1573 1383 1610 dicti
1405 1586 1426 1610 a
1451 1574 1625 1612 tribubus
1649 1573 1783 1620 quibus

1006 1623 1336 1670 praeponebantur.
1366 1621 1470 1658 Sedit
1501 1633 1604 1664 vero,
1628 1623 1668 1658 in
1689 1622 1781 1666 loco,

1008 1682 1073 1726 qui
1091 1680 1228 1715 (licitur
1249 1679 1378 1716 Graece
1398 1678 1648 1727 Λιθόστρωτος,
1669 1677 1707 1715 id
1727 1680 1785 1715 est

1007 1727 1173 1773 lapidum
1186 1730 1362 1765 stratura.
1377 1728 1455 1764 sive
1467 1727 1580 1764 etiam
1593 1726 1784 1773 pavimen-

1007 1779 1087 1811 tum
1099 1773 1280 1811 varietate
1291 1774 1457 1821 lapidum
1470 1778 1628 1811 stratum
1643 1787 1652 1811 :
1666 1771 1719 1809 sic
1731 1772 1784 1809 di-

1009 1833 1111 1864 ctum
1129 1838 1151 1864 a
1167 1826 1272 1874 λίθος,
1293 1828 1393 1873 quod
1408 1830 1463 1864 est
1484 1826 1592 1873 lapis,
1611 1828 1648 1862 et
1666 1836 1783 1867 στρω-

1009 1881 1080 1923 τὸν,
1105 1881 1206 1926 quod
1229 1885 1285 1918 est
1304 1884 1482 1923 stratura,
1504 1890 1569 1916 seu
1590 1877 1785 1932 pavimen-

1010 1932 1090 1964 tum
1108 1939 1118 1973 ;
1147 1927 1234 1974 quia
1251 1929 1313 1965 ille
1339 1928 1444 1964 locus
1463 1926 1622 1963 diversis
1641 1925 1785 1972 lapidi-

1010 1977 1080 2012 bus
1092 1979 1174 2011 erat
1184 1976 1474 2021 pavimentatus,
1485 1977 1522 2011 et
1533 1976 1614 2010 erat
1624 1976 1711 2009 ante
1722 1973 1785 2010 do-

1012 2033 1115 2059 mum
1135 2022 1257 2059 Pilati.
1280 2023 1455 2059 Hebraice
1473 2019 1709 2063 autem‚idem
1729 2020 1786 2056 lo-

1013 2081 1075 2106 cus
1102 2070 1297 2107 dicebatur
1315 2070 1519 2112 Gabbatha,
1538 2068 1575 2104 id
1589 2070 1646 2104 est
1666 2067 1785 2113 collis,

1013 2117 1090 2154 sive
1112 2117 1337 2161 sublimitas,
1361 2128 1404 2153 ex
1427 2114 1710 2153 coacervatione
1734 2115 1788 2151 la-

1012 2165 1170 2212 pidum;
1198 2165 1287 2211 quia
1312 2165 1417 2201 locus
1442 2163 1512 2200 fuit
1534 2160 1721 2206 sublimis,
1751 2164 1789 2198 et

1012 2211 1118 2248 vario
1142 2212 1267 2259 lapide
1291 2215 1445 2255 stratus,
1466 2211 1507 2246 in
1528 2221 1601 2256 quo
1621 2208 1787 2246 tribunal

1013 2262 1108 2296 erat.
1138 2262 1236 2296 Erat
1258 2263 1378 2295 autem
1417 2261 1627 2298 Parasceve,
1659 2255 1698 2291 id
1731 2259 1788 2293 est

1012 2306 1240 2353 praeparatio
1257 2307 1417 2347 Paschae,
1437 2307 1526 2341 hora
1546 2304 1655 2350 quasi
1666 2306 1787 2341 semea.

1013 2353 1154 2390 Graeeis
1175 2352 1328 2390 admixti
1349 2355 1367 2389 J
1375 2352 1472 2389 udaei
1495 2350 1635 2389 Graecis
1656 2350 1789 2387 crebro

1011 2406 1219 2442 utebantur
1243 2405 1450 2442 vocabulis.
1478 2404 1682 2452 Παρασκευὴ
1712 2414 1787 2441 au—

1012 2456 1089 2489 tem
1104 2454 1233 2489 Graece
1251 2452 1387 2489 dicitur
1399 2451 1625 2500 praeparatio
1641 2453 1688 2488 La
1696 2451 1786 2488 tine.

1013 2500 1073 2536 Sic
1093 2499 1292 2536 dicebatur
1312 2500 1407 2536 feria
1432 2503 1550 2544 sexta,
1573 2498 1662 2545 quia
1682 2498 1720 2534 in
1742 2509 1788 2534 ea

1012 2548 1280 2593 praeparabant
1299 2546 1512 2583 necessaria
1522 2557 1590 2593 pro
1612 2546 1785 2589 sabbato,

1012 2595 1051 2631 in
1079 2605 1151 2640 quo
1179 2593 1323 2640 aliquid
1356 2593 1533 2640 decoqui,
1562 2593 1616 2629 vel
1640 2594 1788 2639 operari

1011 2652 1087 2677 non
1107 2641 1245 2677 licebat
1264 2652 1272 2685 ;
1299 2641 1394 2677 sicut
1420 2644 1457 2677 et
1483 2642 1522 2676 in
1543 2640 1690 2676 deserto
1712 2639 1788 2675 du-

1010 2688 1094 2734 plex
1118 2698 1257 2724 manna
1278 2688 1372 2724 feria
1391 2691 1509 2732 sexta,
1531 2690 1688 2734 propter
1705 2686 1788 2722 sab-

1011 2737 1140 2772 batum
1168 2735 1412 2781 colligebant.
1439 2733 1582 2771 Dicitur
1603 2733 1719 2770 etiam
1738 2733 1788 2769 fe-

1011 2782 1068 2819 ria
1082 2785 1186 2819 sexta
1200 2781 1442 2830 praeparatio,
1459 2780 1548 2830 quia
1561 2782 1580 2818 J
1586 2780 1681 2818 udaei
1697 2790 1787 2830 prae-
