1924 3157
299 140 509 181 QUOMODO
547 140 742 176 nnlllxvs
780 139 928 175 APPAR.
973 139 1144 185 Disclr„
1180 140 1328 177 Tuom
1366 141 1577 178 ABSENTE
1702 143 1762 178 2¹5

123 211 347 260 principales
367 212 507 250 diaboli
527 212 795 260 impugnantes
817 223 899 258 nos,

120 264 253 297 contra
273 271 368 307 quus
402 260 584 298 debemus
604 272 683 297 csse
706 261 834 297 furtes.
857 281 902 288 —

121 308 270 346 Primus
298 312 352 344 est
386 319 493 345 amor
518 311 639 356 culpae
675 308 900 356 injustarum

118 366 261 399 rerum,
290 356 345 392 vel
387 367 494 393 amor
533 356 670 400 curnis,
701 358 756 393 vel
793 367 902 393 amor

118 403 288 445 honoris,
312 403 373 449 qui
395 403 431 440 iu
455 405 706 450 quorumdam
725 404 903 441 cordibus

119 455 177 488 est
203 450 255 487 ita
275 451 396 492 sortis.
419 453 521 498 quod
558 462 623 498 pro
643 463 689 488 eo
709 453 901 488 coelestem

120 498 281 545 gloriam
309 500 500 536 deserunt.
532 520 576 526 -
609 499 818 543 Secundus,
846 502 902 536 est

118 546 234 584 timor
259 545 497 590 dilfideutiae,
521 546 583 593 qui
613 546 728 584 etiam
762 547 901 582 multus

120 593 326 641 impugnat.
355 595 461 640 quasi
499 594 681 631 Dominus
713 595 807 630 nolit
836 605 901 630 eos

115 643 262 689 Juvare‚
285 642 386 688 quod
415 643 559 688 possint
586 641 624 678 in
645 642 744 678 bono
772 652 900 688 perse-

120 699 266 731 verare,
286 689 342 725 vel
377 689 476 736 quod
501 700 575 725 uon
614 689 758 735 possint
789 689 900 726 susti-

122 747 212 774 nere
233 737 365 773 duram
383 736 750 779 1·oeniteutiam.cum
773 742 899 774 tamen

121 786 301 822 deberent
312 784 496 820 sustinere
510 784 702 821 duriorem
716 786 900 832 gelieunae

119 843 283 880 poeuam.
303 852 345 859 -
364 832 525 876 Tertius,
541 836 597 868 est
611 833 718 868 ‹lolor
739 833 896 869 delectu-

120 880 235 917 tionis
255 879 377 917 carnis
400 882 455 916 vel
479 879 621 924 mundi,
650 880 898 924 dimittenllae,

120 930 176 966 vel
192 929 271 975 jam
285 927 464 964 dimissae.
482 929 509 965 O
526 927 652 971 miser,
667 927 758 974 quid
779 928 867 965 sacis
882 929 900 965 Τ

120 977 290 1013 Morbum
313 987 333 1013 e
351 975 421 1022 igis
439 986 505 1022 pro
537 975 710 1020 sanitato,
739 981 897 1013 mortem

119 1034 187 1071 pro
197 1023 286 1067 vita,
299 1023 490 1060 tristitiam
504 1034 572 1071 pro
590 1025 731 1063 laetitia.
748 1035 897 1070 poeuam

118 1071 388 1119 sempiternam
409 1082 474 1118 pro
495 1070 629 1119 gloria.
654 1093 699 1098 -
719 1073 896 1116 Quartus,

116 1124 173 1157 est
200 1119 322 1166 pudor
346 1118 573 1165 operationis
603 1120 724 1164 bonae,
746 1120 895 1166 quando

117 1167 200 1215 quis
221 1166 361 1213 cogitat
380 1167 481 1211 quod
513 1166 686 1203 homines
720 1167 895 1204 derident

117 1225 218 1261 eum,
239 1215 268 1251 si
295 1213 426 1251 humili
445 1218 544 1251 veste
569 1214 722 1258 incedit,
747 1215 776 1251 si
794 1215 893 1261 Jeju-

118 1267 196 1307 nat‚
218 1262 248 1299 si
271 1267 366 1307 orat,
390 1261 419 1299 si
443 1262 716 1310 peregrinatur,
739 1267 774 1299 et
795 1263 895 1299 simi-

117 1311 167 1348 lia
186 1310 286 1347 facit.
305 1332 346 1337 —
371 1310 548 1356 Quintus,
577 1315 633 1347 est
653 1321 736 1358 >pes
758 1310 893 1352 veniae,

118 1359 267 1407 quando
294 1358 378 1406 quis
408 1358 497 1394 dicit
519 1370 527 1395 :
559 1361 656 1396 Deus
678 1362 734 1395 est
754 1358 896 1395 miseri-

119 1417 213 1449 cors,
236 1417 304 1443 nos
339 1407 384 1443 de
424 1407 522 1443 facili
560 1418 635 1444 non
669 1406 837 1451 damnat,
859 1410 897 1443 et

118 1454 319 1493 Christiani
348 1465 477 1491 sumus
502 1467 509 1491 :
541 1455 676 1491 horum
703 1465 786 1501 spes
807 1465 895 1490 cun-

118 1501 300 1546 funditur,
323 1513 410 1548 qula
433 1512 518 1547 spes
544 1507 599 1539 est
635 1505 737 1538 certa
757 1513 896 1544 exspe-

118 1550 231 1588 ctatio
253 1553 386 1586 luturae
405 1549 665 1593 beatitudinis,
687 1561 730 1586 ex
751 1550 896 1586 meritis

117 1598 363 1646 proveniens;
387 1597 452 1634 sed
489 1597 548 1634 isti
580 1598 642 1644 qui
665 1602 793 1634 carent
823 1608 896 1634 me-

118 1646 214 1691 ritis,
238 1656 311 1682 non
328 1645 478 1692 proprie
499 1650 662 1693 sperant¹
686 1645 751 1682 scd
773 1645 897 1693 potius

117 1697 364 1742 praesumuut.

164 1757 183 1790 7
202 1743 278 1778 Cen
294 1752 512 1777 Pammenis
525 1753 564 1777 si:
574 1753 779 1778 PRAEBUERIT
791 1741 897 1778 Cum-

116 1801 201 1827 srus
221 1789 414 1826 nolimus?
431 1811 473 1816 —
494 1791 569 1825 Hoc
591 1794 717 1826 auu-m
734 1790 833 1836 quod
856 1801 896 1826 se

114 1836 343 1885 palpabilem
374 1837 551 1884 praebuit,
576 1838 715 1873 sactum
737 1842 792 1873 est
816 1837 893 1873 mi-

112 1889 296 1930 raculose,
321 1896 342 1931 q
363 1885 409 1921 -ia
431 1896 566 1932 corpus
589 1885 736 1922 Domini
765 1884 892 1921 incor-

113 1932 292 1978 ruptibile
314 1937 351 1968 ct
375 1932 604 1976 immortale,
628 1945 647 1969 a
670 1933 893 1979 corruptibi-

113 1981 211 2018 libus
227 1985 264 2017 et
284 1981 506 2017 mortalibus
530 1980 751 2017 naturaliter
768 1984 894 2027 palpa-

114 2029 145 2065 ri
164 2033 219 2065 est
240 2027 484 2075 impossibile.
505 2029 597 2065 Miro
619 2039 709 2074 ergo
728 2032 765 2065 et
788 2028 892 2065 inef-

115 2075 218 2113 rabi.i
258 2077 385 2120 modo,
423 2076 628 2112 secundum
664 2077 890 2120 Gregorium,

115 2134 249 2172 corpus
276 2133 386 2160 suum
426 2124 610 2170 palpabile
649 2124 824 2171 praebuit,
854 2128 893 2160 ut

114 2173 339 2209 reformaret
360 2181 428 2208 nos
448 2172 495 2207 ad
517 2171 646 2215 fidem,
668 2176 705 2208 et
727 2172 893 2208 incorru-

114 2219 245 2267 ptibile
271 2219 558 2262 demonstravit,
580 2224 619 2256 ut
647 2219 823 2256 invitaret
845 2219 893 2256 ad

114 2268 333 2315 praemium;
358 2267 435 2303 sive
450 2271 487 2304 et
506 2267 694 2315 palpabile
710 2267 892 2311 exhibuit,

116 2319 153 2352 et
187 2314 486 2361 incorruptibile,
524 2319 563 2352 ut
601 2315 819 2352 ostenderet
855 2325 895 2352 se

117 2363 286 2410 ejusd··m
323 2373 406 2398 esse
442 2367 600 2408 naturae,
632 2363 735 2411 cujus
774 2363 894 2399 suerat

118 2415 207 2448 ante
233 2410 460 2453 Pa<sionem‚
489 2410 523 2446 iu
563 2414 617 2447 est
652 2421 804 2447 carnem
826 2412 893 2447 ba-

118 2458 222 2502 bere,
254 2461 291 2494 et
311 2457 466 2494 alterius
487 2458 630 2505 gloriae,
657 2457 692 2494 isl
714 2462 770 2495 est
793 2469 894 2494 eam-

119 2505 203 2543 dem
225 2516 377 2542 carnem
396 2505 717 2552 incorruptibilem
740 2516 834 2543 esse.
854 2508 896 2543 Et

118 2554 206 2600 quia
239 2553 276 2589 in
312 2553 458 2590 Douliui
489 2553 790 2597 Hesurrectione,
828 2565 894 2590 no-

120 2606 195 2638 stru
218 2601 405 2648 generals
430 2602 656 2638 resurrectio
677 2606 733 2638 est
763 2602 896 2648 praefi-

117 2655 266 2696 gui-ata,
287 2649 451 2685 ostendit
474 2659 540 2696 per
569 2650 638 2685 hoc
660 2656 788 2685 uoslra
815 2660 896 2686 cor-

117 2706 207 2744 pora
226 2701 311 2744 post
332 2696 646 2733 resurrectionem
668 2696 721 2733 ita
738 2707 820 2733 esse
842 2698 894 2732 in-

116 2744 377 2792 corruptibilia
402 2748 439 2781 et
460 2744 612 2782 subtilia
632 2755 698 2792 per
721 2744 896 2782 effectum

117 2791 326 2839 spiritualis
351 2791 546 2839 potentiae,
567 2795 609 2829 ut
640 2793 785 2839 possint
815 2802 896 2829 esse

983 214 1184 260 palpabilia
1207 224 1229 250 a
1256 213 1519 252 consimilibus
1538 214 1761 262 corporibus

981 272 1048 307 per
1070 261 1264 298 vvritatem
1288 266 1444 300 naturae.
1461 263 1555 299 Caro
1571 262 1670 299 enim
1693 274 1759 300 no-

980 313 1059 346 stra
1080 309 1222 354 absque
1256 310 1500 357 corruptione
1530 311 1585 347 vel
1622 310 1762 358 fragili-

979 361 1056 393 tate
1097 357 1242 399 murtis,
1272 357 1308 393 in
1345 358 1502 394 veritate
1537 357 1761 396 substantiae

979 409 1034 441 est
1057 410 1327 440 resurrectura.
1363 406 1466 442 Unde
1485 406 1584 442 Beda
1616 418 1626 442 ε
1650 421 1668 439 «
1690 405 1761 443 Pa·

978 462 1061 488 rum
1080 451 1148 488 suit
1162 452 1280 487 oculis
1302 462 1341 488 se
1354 452 1559 489 videntium
1573 454 1760 500 praebere‚

979 501 1008 536 si
1030 510 1103 535 uon
1125 499 1310 546 praeberet
1333 500 1446 536 etiam
1472 500 1649 538 manibus
1667 510 1758 538 con-

978 547 1235 591 trectandum;
1267 547 1343 592 qui.
1373 546 1461 583 dum
1484 548 1675 594 palpanda
1703 547 1760 586 di-

978 593 1223 641 scipullsossa
1238 604 1466 641 carnemque
1476 599 1758 644 praemonstrat,

978 646 1108 688 aperte
1140 646 1279 678 statum
1316 652 1414 678 verae
1438 643 1758 690 Resurrectiuuis‚

978 700 1060 736 quae
1080 693 1116 726 et
1137 689 1172 726 iu
1196 700 1236 726 se
1258 690 1354 726 sacta
1374 694 1410 726 et
1430 690 1468 726 in
1491 690 1601 727 nobis
1621 695 1676 727 est
1698 692 1758 728 su·

978 741 1062 774 tura
1080 737 1283 784 significat.
1298 751 1314 771 η
1334 737 1437 774 Unde
1458 741 1495 775 et
1516 738 1712 783 Greqorius
1744 752 1754 775 :

978 799 995 818 «
1015 787 1096 822 Nou
1117 786 1217 822 euim
1240 785 1277 822 in
1301 786 1362 822 illa
1379 785 1667 822 resurrectionis
1679 787 1757 832 glo-

976 834 1032 870 ria
1053 844 1186 880 corpus
1206 837 1373 870 nostrum
1395 833 1467 869 erit
1496 832 1755 880 impalpabile,

976 885 1011 918 et
1034 882 1155 918 ventis
1174 891 1339 928 aereque
1358 881 1544 918 subtilius.
1569 885 1608 918 ut
1632 880 1756 918 l-„uthi-

975 929 1053 966 cius
1078 928 1190 973 dixit;
1226 930 1291 965 sed
1328 928 1464 966 subtile
1492 928 1660 974 qui-lem,
1688 939 1757 976 per

975 977 1149 1014 eflectum
1178 976 1385 1023 spiritualis
1405 976 1598 1022 polentiae.
1628 984 1756 1023 palpa·

976 1024 1050 1061 bile
1082 1030 1223 1068 autem,
1248 1035 1313 1070 per
1335 1024 1532 1061 veritatem
1554 1027 1710 1061 naturae.
1735 1039 1752 1057 n

975 1073 1060 1116 Sed,
1083 1077 1123 1109 ut
1144 1072 1233 1108 «licit
1257 1074 1489 1117 Anqustinus
1515 1083 1522 1107 :
1556 1086 1575 1105 «
1597 1071 1756 1109 Claritas

973 1130 1046 1165 qua
1063 1119 1155 1165 justi
1176 1120 1368 1166 l'ulgebunt
1388 1119 1482 1155 sicut
1501 1119 1555 1155 sol
1577 1118 1616 1155 in
1637 1129 1756 1165 regno

975 1167 1094 1203 Putris
1112 1178 1258 1211 eorum,
1273 1167 1308 1203 in
1325 1166 1461 1204 Christi
1479 1176 1651 1212 corpore,
1673 1176 1757 1204 cum

972 1215 1179 1252 resurrexit
1197 1215 1244 1251 ab
1266 1215 1383 1252 oculis
1400 1213 1671 1261 di‹cip·Jlorum
1689 1225 1756 1261 po-

972 1263 1046 1300 tius
1061 1262 1284 1299 abscondita
1305 1261 1435 1306 fuisse,
1458 1272 1571 1308 quam
1590 1261 1756 1299 defuisse

973 1312 1162 1348 credenda
1192 1316 1274 1355 est,
1297 1321 1370 1347 non
1392 1311 1494 1346 enim
1524 1319 1606 1346 eam
1640 1311 1755 1346 terret

971 1360 1157 1395 humanus
1199 1363 1311 1404 atque
1351 1357 1527 1394 infirmus
1560 1361 1750 1402 aspectus,

973 1407 1124 1454 quando
1145 1406 1208 1443 ille
1229 1417 1251 1443 a
1271 1405 1349 1442 suis
1371 1404 1424 1442 ita
1455 1405 1613 1442 deberet
1632 1408 1752 1443 atten-

973 1454 1022 1497 ui,
1050 1458 1087 1491 ut
1111 1458 1236 1499 posset
1256 1452 1442 1500 cognosci.
1468 1466 1485 1487 »

1020 1505 1040 1538 8
1060 1503 1204 1539 OBLATA
1226 1502 1368 1538 Domo
1386 1512 1431 1538 AD
1453 1511 1693 1538 coussnssmntm
1711 1512 1749 1538 m

973 1561 1083 1587 sensu
1099 1561 1282 1586 mmmm
1302 1561 1343 1585 Ετ
1361 1560 1523 1586 ustco.
1536 1569 1580 1575 —
1593 1550 1637 1585 Et
1664 1558 1750 1586 cum

973 1598 1126 1643 quidam
1144 1608 1274 1634 eurum
1292 1597 1416 1634 adhuc
1436 1596 1666 1638 dubitarent.
1689 1607 1750 1642 pe-

972 1646 1031 1682 tiit
1050 1647 1098 1682 ab
1128 1645 1183 1682 eis
1215 1645 1244 1681 si
1267 1645 1411 1692 aliquid
1442 1643 1751 1681 manducandum

972 1694 1169 1738 haberent,
1182 1697 1223 1729 ut
1240 1703 1308 1740 per
1321 1693 1590 1729 comestionem
1614 1691 1751 1729 melius

974 1741 1303 1778 Resurrectionem
1325 1743 1524 1777 astrueret.
1543 1740 1676 1776 Adhuc
1691 1750 1752 1776 au-

972 1794 1040 1825 tem
1067 1791 1146 1825 illis
1167 1800 1238 1824 non
1264 1789 1507 1832 credentibus,
1529 1792 1563 1823 et
1580 1789 1750 1824 miranti-

972 1838 1036 1873 bus
1056 1848 1131 1883 prae
1153 1837 1303 1882 yatadio,
1327 1837 1427 1872 discit
1462 1848 1472 1871 ε
1500 1835 1654 1871 Habetis
1688 1836 1751 1871 hic

969 1886 1116 1931 aliquid
1135 1885 1232 1931 quod
1254 1885 1493 1920 manducetur
1506 1885 1524 1919 ?
1543 1884 1594 1919 At
1614 1883 1674 1919 illi
1692 1883 1750 1919 ob-

970 1934 1132 1969 tulerunt
1155 1934 1188 1968 ei
1206 1936 1348 1978 partem
1373 1933 1486 1978 piscis
1513 1933 1603 1976 assi,
1643 1930 1751 1977 cujus

967 1981 1063 2017 sorte
1086 1981 1165 2028 jam
1187 1980 1299 2017 aliam
1323 1984 1465 2026 partem
1489 1978 1749 2021 comederant,

968 2033 1000 2064 et
1035 2031 1165 2072 facum
1189 2029 1320 2064 mellis.
1353 2029 1518 2064 Fuerunt
1544 2030 1671 2063 autem
1694 2025 1747 2062 illi

967 2077 1048 2113 haec
1079 2077 1152 2112 duo
1178 2080 1438 2122 competenter
1469 2075 1597 2111 oblata
1631 2089 1639 2111 z
1667 2073 1749 2120 ipse

968 2126 1068 2160 enim
1101 2128 1180 2160 erat
1211 2123 1323 2170 piscis
1358 2133 1474 2167 assus,
1509 2132 1578 2169 per
1603 2125 1748 2158 naturae

969 2173 1144 2208 liuninnae
1171 2171 1409 2218 passionem
1433 2170 1497 2206 sed
1528 2169 1636 2205 savus
1660 2169 1749 2205 mel-

968 2219 1027 2261 lis,
1041 2229 1108 2266 per
1125 2224 1270 2256 naturae
1284 2218 1420 2255 divinae
1436 2215 1691 2254 dulcedinem.
1710 2217 1751 2252 ln

969 2267 1053 2303 savo
1090 2267 1228 2314 quippe
1260 2266 1382 2302 mellis
1416 2271 1574 2311 utraque
1614 2267 1751 2300 natura

970 2326 1046 2351 suae
1065 2325 1236 2361 persouae
1249 2314 1472 2360 exprimitur
1494 2324 1502 2348 :
1527 2313 1632 2348 l'avus
1649 2310 1753 2348 enim

970 2367 1025 2399 est
1038 2363 1107 2398 mel
1125 2362 1162 2398 in
1179 2362 1353 2399 cera.h‹›c
1374 2366 1433 2397 est
1448 2359 1657 2396 divinitatis
1674 2359 1754 2396 dul·

970 2411 1062 2446 cedo
1082 2410 1117 2446 in
1143 2409 1390 2446 humanitate.
1413 2409 1498 2445 lloec
1530 2411 1656 2444 autem
1677 2406 1753 2443 duo

972 2457 1129 2495 Domino
1157 2457 1298 2500 oblata,
1328 2455 1546 2503 significant
1574 2455 1649 2492 duo
1671 2464 1754 2499 quae

972 2512 1007 2542 et
1023 2505 1241 2550 nosmetipsi
1259 2505 1441 2541 debemus
1464 2502 1623 2540 Domino
1642 2502 1752 2539 offer·

971 2564 1026 2596 re,
1052 2553 1216 2589 scilicet:
1252 2552 1395 2606 piscem
1422 2561 1562 2595 assum,
1581 2560 1648 2597 per
1669 2559 1752 2603 car-

972 2600 1028 2637 ni<
1048 2600 1392 2643 mortificationem,
1408 2606 1445 2636 et
1469 2601 1594 2635 savum
1614 2597 1753 2641 mellis,

971 2659 1038 2696 per
1061 2648 1193 2684 utentis
1214 2647 1474 2691 devotionem;
1497 2646 1569 2690 vel,
1606 2645 1751 2698 incibo

972 2707 1038 2732 suo
1068 2695 1248 2732 Dominus
1295 2695 1360 2732 isci
1382 2705 1465 2732 asso
1485 2694 1664 2740 conjungi
1686 2701 1751 2745 vo-

972 2744 1041 2780 luit
1059 2746 1182 2780 l'avum
1204 2753 1263 2781 me
1282 2743 1338 2787 lis,
1363 2742 1451 2790 quia
1472 2742 1552 2790 ipse
1574 2744 1613 2777 ut
1638 2741 1750 2792 piscis

974 2791 1091 2828 latere
1121 2790 1299 2838 dignatus
1319 2794 1375 2827 est
1406 2789 1443 2826 in
1467 2788 1576 2835 aquis
1594 2789 1750 2824 humani
