1924 3157
158 171 217 206 324
789 159 926 194 INDEX
966 154 1160 190 CAPl'l'UM

181 243 201 276 5
225 237 395 283 Qualiter
434 232 607 272 Christus
643 227 817 277 apparuit
1007 240 1025 271 7
1077 223 1152 259 Cur
1171 221 1204 257 ci
1225 220 1359 257 dixerit
1378 231 1387 256 z
1407 218 1489 257 Noli
1510 229 1570 256 me
1589 221 1668 256 tan-

204 283 451 332 Magdalenae.
868 288 880 310 1
889 275 931 321 95
1055 268 1173 316 gere?
1461 313 1468 320 ι
1721 268 1785 313 19ss

179 338 199 379 4
220 335 298 377 Quo
319 341 434 368 sensu
457 328 629 367 Christus
651 322 817 362 hortula-
1029 320 1049 353 8
1071 317 1150 368 Cur·
1164 314 1397 361 Magdalenae
1412 324 1535 361 primo
1556 323 1670 360 appa-

204 391 276 416 nus
296 382 365 416 est.
870 371 935 415 194
1052 366 1184 407 ruerit,
1219 366 1256 398 et
1287 373 1369 398 eam
1398 361 1447 398 ad
1471 361 1672 408 Apostolos

182 431 202 464 5
224 429 362 464 Fervor
410 428 447 462 et
491 421 650 461 audacia
689 416 817 456 Mariae
1051 409 1198 446 miserit
1212 409 1424 446 Dominus?
1472 453 1480 462 ⁶
1725 410 1789 455 196

204 473 451 520 Magdalenae,
870 465 933 510 194
1027 474 1047 507 9
1064 457 1299 510 Quaerendus
1319 460 1376 493 est
1392 456 1581 502 Christus,
1603 454 1672 492 sed

183 525 204 559 6
218 519 550 566 Dominumipsam
562 516 816 566 alloquentem
1051 515 1135 541 eum
1156 505 1385 557 humilitate..
1629 547 1637 556 .
1723 516 1788 549 ¹97
1827 550 1830 552 ,

206 568 458 616 recognoscit.
871 559 933 604 195
1010 567 1051 590 10
1065 551 1288 599 Magdalena
1302 551 1497 589 laetlficata
1510 549 1671 588 reeedlt.
1727 551 1792 596 198

316 686 468 726 CAPUT
493 684 648 723 LXXIII,
669 702 715 710 —
740 675 921 725 Quomodo
941 674 1117 711 Dominus
1142 672 1320 719 apparuit
1341 670 1461 708 tribus
1479 671 1627 708 Mariis.

191 818 204 840 1
227 800 432 839 Dominum
469 797 542 835 sibi
573 796 820 844 apparentem

210 849 371 886 adorant
391 845 582 884 mulieres.
880 846 944 892 198

189 910 207 934 2
229 895 401 933 Christus
437 903 500 931 eas
535 891 584 929 ad
624 888 827 937 Apostolos

210 942 337 981 mittit.
878 953 943 987 199

1036 801 1057 835 5
1075 798 1246 842 Quonam
1263 806 1376 833 sensu
1392 799 1470 833 tres
1489 794 1571 832 istae
1590 804 1676 831 mu-

1059 846 1170 882 lieres
1191 846 1228 881 et
1249 843 1435 891 imprimis
1452 844 1571 880 Maria
1589 843 1676 879 Ma-

1059 892 1221 939 gdalena
1244 890 1488 939 evangelistae
1512 893 1551 927 et
1579 899 1678 938 apo—

1059 940 1166 977 stolae
1185 939 1352 976 suerunt.
1729 948 1796 973 200

533 1057 684 1095 CAPUT
710 1055 862 1092 LXXIV.
881 1076 927 1082 —
946 1057 996 1093 De
1014 1057 1202 1094 mendacio
1221 1056 1423 1094 custodum.

192 1191 204 1214 1
228 1172 375 1212 Relatio
395 1168 596 1208 custodum
617 1168 665 1206 ad
683 1167 822 1215 princi-

210 1233 277 1270 pes
300 1220 552 1257 sacerdotum.
875 1228 939 1254 201

1045 1169 1232 1214 4Rum01·
1274 1169 1435 1207 mendax
1472 1169 1518 1206 de
1554 1168 1680 1206 subla-

1067 1217 1172 1254 tione
1206 1217 1374 1263 corporis
1410 1216 1549 1254 Christi
1579 1216 1680 1263 apud

187 1285 204 1307 2
220 1267 456 1307 Mendacium
467 1276 490 1301 a
502 1267 521 1302 J
527 1262 644 1301 udaeis
655 1262 828 1301 adinven-
1066 1267 1086 1302 J
1091 1265 1219 1301 udaeos
1231 1264 1439 1301 invalescit.
1730 1265 1796 1300 205

210 1322 291 1354 tum
308 1318 345 1352 et
361 1312 522 1362 pecunia
534 1310 714 1348 militibus
723 1311 824 1348 data.
879 1325 944 1348 202
1045 1315 1064 1349 5
1089 1314 1175 1357 Cur,
1199 1315 1422 1359 resurgente
1443 1310 1619 1356 Domino,
1644 1314 1682 1347 et

190 1364 377 1410 3Quinam
387 1363 406 1399 J
410 1359 529 1399 udaeis
540 1359 579 1396 in
587 1360 659 1395 hoc
666 1358 828 1396 similes?
880 1372 945 1396 202
1067 1359 1132 1396 alii
1149 1359 1420 1399 surrexerunt?
1731 1359 1798 1394 205

166 1484 316 1522 CAPUT
338 1480 475 1518 LXXV.
501 1499 546 1505 —
565 1477 747 1522 Quomodo
766 1478 941 1513 Dominus
959 1478 1137 1523 apparuit
1153 1479 1272 1523 Petro,
1300 1481 1333 1514 et
1358 1477 1491 1524 Joseph
1512 1476 1559 1513 ab
1583 1475 1799 1512 Arimaihia

491 1529 523 1563 ei
543 1526 675 1562 Jacobo
696 1526 846 1569 Minori,
867 1535 910 1561 ac
929 1526 1066 1561 sanctis
1085 1526 1260 1562 Patribus
1280 1527 1321 1561 in
1337 1525 1461 1561 limbo.

191 1658 204 1681 1
228 1643 304 1679 Cur
323 1642 437 1678 Petro
457 1637 702 1685 singulariter
721 1636 823 1675 Chri·
1040 1641 1063 1682 4
1082 1637 1200 1681 Quem
1220 1635 1347 1673 visitat
1373 1636 1555 1673 Dominus
1582 1645 1682 1673 sem-

211 1693 291 1727 stus
308 1687 559 1736 apparuerit?
875 1687 942 1729 204
1065 1696 1132 1731 per
1157 1684 1385 1721 consolatur.
1733 1686 1799 1720 206

193 1753 211 1775 2
232 1736 427 1791 Apparitio
457 1735 557 1772 facta
586 1732 750 1780 Josepho
775 1733 823 1770 ab
1037 1735 1056 1769 5
1072 1731 1269 1779 Apparitio
1286 1730 1435 1768 Domini
1451 1730 1627 1768 Patribus
1642 1730 1682 1767 in

210 1783 435 1822 Arimathia.
645 1826 654 1835 ⁸
739 1785 746 1793 ‘
874 1782 938 1816 205
1063 1779 1189 1817 limbis
1229 1783 1313 1827 post
1352 1778 1682 1816 Resurrectionem

187 1835 208 1869 5
230 1834 337 1879 Item,
358 1830 499 1869 Jacobo
520 1829 669 1867 Minori.
874 1830 939 1864 205
1062 1827 1173 1864 sacta.
1734 1827 1801 1861 206

223 1951 375 1990 CAPUT
394 1948 547 1987 LXXVI.
569 1966 615 1974 —
632 1945 815 1990 Quomodo
846 1946 1020 1982 Dominus
1042 1946 1220 1992 apparuit
1238 1944 1379 1982 duobus
1401 1944 1596 1992 discipulis
1609 1946 1650 1981 in
1663 1944 1740 1983 via.

198 2080 211 2103 1
239 2060 500 2110 Peregrinatio
521 2060 685 2096 duorum
718 2056 830 2094 disci-
1047 2061 1066 2094 5
1085 2057 1264 2105 Discipuli
1306 2057 1497 2096 Christum
1534 2057 1684 2104 longius

212 2112 400 2161 pulcrum,
425 2110 506 2156 ipsa
531 2104 831 2143 Resurrectionis
1068 2105 1124 2142 ire
1142 2106 1348 2152 fingentem
1369 2108 1522 2152 cogunt.
1735 2119 1801 2142 210

217 2160 291 2203 die,
315 2158 363 2195 ad
382 2159 572 2193 Emmaus.
731 2199 738 2205 ⁶
882 2167 946 2199 207
1045 2156 1065 2189 6
1085 2153 1266 2190 Dominus
1297 2153 1338 2189 in
1372 2153 1554 2190 fractione
1574 2151 1683 2200 panis

196 2221 213 2245 α
237 2209 284 2245 Se
320 2204 412 2252 ipsis
441 2205 606 2250 jungens
633 2201 828 2245 Dominus,
1068 2201 1320 2246 cognoscitur.
1735 2214 1802 2237 210

215 2265 280 2292 eos
298 2251 517 2298 alloquitur.
881 2262 946 2295 207
1047 2263 1066 2295 7
1090 2248 1225 2284 Omnes
1284 2247 1476 2294 peregrini
1536 2258 1681 2294 sumus,

188 2306 209 2339 3
231 2300 423 2346 Multiplex
444 2296 598 2335 Domini
627 2295 667 2333 in
686 2295 759 2332 hoc
777 2295 830 2332 fa·
1067 2294 1153 2331 ideo
1203 2295 1392 2342 peregrini
1442 2295 1682 2332 conditiones

218 2353 277 2385 cto
296 2345 526 2393 benignitas.
688 2389 696 2396 ο
881 2346 948 2379 208
1068 2342 1279 2389 adimplere
1302 2344 1498 2380 debemus.
1732 2355 1770 2378 αι
1784 2356 1796 2378 ι

191 2400 214 2441 4
234 2394 303 2440 Qui
324 2396 455 2430 volunt
473 2392 512 2429 in
530 2391 666 2430 coelum
686 2392 829 2428 lntrare
1044 2392 1064 2426 8
1088 2389 1256 2426 Christus
1277 2391 1325 2427 ab
1345 2390 1462 2428 oculis
1483 2389 1685 2437 discipulo-

215 2443 293 2491 pati
310 2442 463 2479 debent.
880 2451 946 2485 209
1068 2448 1152 2474 rum
1169 2437 1373 2475 evanescit.
1735 2450 1751 2472 α
1762 2450 1796 2473 ιι

380 2567 530 2604 CAPUT
551 2564 777 2602 LXXVII.—
789 2563 973 2607 Quomodo
990 2565 1166 2600 Dominus
1186 2565 1365 2611 apparuit
1383 2564 1587 2611 Apostolis,

815 2612 952 2647 Thomu
976 2611 1137 2648 absente.

194 2738 205 2761 1
230 2720 508 2769 Discipulorum
527 2720 704 2755 Emmaus
729 2717 823 2755 dili-
1043 2731 1061 2753 2
1084 2717 1214 2753 Januis
1233 2717 1383 2763 clausis,
1407 2718 1600 2765 Apostolis
1619 2727 1682 2766 ap-

212 2769 342 2818 gentia
362 2771 400 2806 et
417 2768 556 2805 fervor.
875 2777 940 2801 212
1064 2763 1190 2811 paruit
1215 2766 1411 2802 Dominus.
1731 2779 1796 2802 212
