1924 3157
137 173 195 206 224
564 170 765 206 SECUNDAE
804 170 960 206 PARTIS
1000 169 1135 204 CAPUT
1172 167 1334 203 LXXVII

137 245 224 283 tatis
245 248 281 282 et
310 242 617 285 immortalitatis,
636 252 746 288 qnam
774 241 827 279 eis
849 242 907 279 fu-

134 298 257 330 turam
296 291 495 338 promittit.
521 292 655 326 Parem
687 290 811 333 offert,
847 288 909 329 uui
941 322 943 337 ‚

132 344 288 387 propter
310 348 438 392 parem
456 341 631 379 venei-au
656 338 755 373 unite
779 336 910 383 ponti-

133 389 204 430 fex,
235 397 448 432 praevipzius
473 395 634 432 sponsus
662 384 850 425 Ecclesiae,
874 384 910 419 in
943 391 944 403 ¹

133 445 298 481 pei-sona
321 433 470 475 tiliri—ti,
493 432 589 468 sii-ut
618 431 791 477 specialis
819 431 912 466 vica-

134 482 214 517 rius
247 482 340 527 ejus,
365 479 453 515 dicit
479 491 487 515 2
517 482 596 515 Pam
618 480 731 517 vobis,
764 489 847 513 cuin
877 490 911 513 in

137 539 251 564 m-ssa
278 538 396 573 primo
430 538 468 563 >e
503 531 613 562 vertit
640 527 684 561 ari
718 536 816 571 popu
835 536 910 567 uui,

138 575 226 620 quia
248 578 325 609 liaec
357 574 425 610 suit
457 574 579 620 prima
612 584 680 608 vox
707 573 841 608 Christi
866 572 912 607 aii

140 622 342 668 discipulos
371 625 454 668 post
489 621 837 662 Resurrectionem3
862 619 912 654 iu-

142 674 221 706 star
258 679 344 705 vero
377 668 534 705 alioruin
564 667 799 703 sacerdotum
827 667 914 701 dicit

144 720 273 763 postca
296 728 305 751 ι
330 718 502 752 Dominus
529 716 724 754 vobiscwn,
748 718 784 748 ut
809 724 847 749 se
871 724 913 749 u-

142 773 232 800 num
263 774 305 799 ex
339 762 446 799 nobis
467 765 639 799 ostentat
676 762 765 797 Ciim
789 764 913 796 autem
947 791 949 796 ,

143 810 305 847 Ecc2esia
336 810 521 855 primitivi
548 808 716 854 quotidie
745 816 779 842 vt
799 818 914 850 gene-

143 858 285 896 raliter,
308 862 345 893 et
369 861 451 903 post
472 859 617 892 tantum
636 855 769 890 diebus
788 853 913 890 Domi-

144 905 250 945 nicis,
272 908 354 950 post
375 914 461 939 vero
489 908 633 938 tantum
656 902 691 936 in
714 901 832 937 tribus
853 912 913 936 so-

142 950 400 987 lemnitatibus
431 949 728 986 communicaret
761 948 917 993 Corpori

140 1002 177 1035 et
213 998 389 1044 sanguini
419 996 592 1040 Domini;
629 1007 726 1031 nunc
756 996 917 1031 Ecclesia

137 1055 205 1093 per
244 1045 413 1081 osi-utum
448 1044 657 1091 pacis,quo
697 1043 917 1096 designatur

142 1092 267 1130 unitas
301 1092 576 1135 Ecclesiastica,
605 1094 855 1126 communicat
882 1101 916 1126 in

141 1141 256 1177 missa
288 1139 551 1185 spiritualiter,
581 1137 650 1174 etsi
692 1148 765 1174 non
791 1148 914 1174 sacra-
950 1139 951 1144 ’

143 1186 370 1224 mentaliter.
396 1188 439 1222 Et
478 1186 635 1232 pulchre
660 1195 862 1230 resurgens
897 1195 918 1220 a

145 1234 305 1271 mortuis
318 1233 509 1272 Dominus.
530 1232 651 1279 primo
668 1243 794 1277 paci-m
813 1232 920 1268 disci·
951 1242 953 1267 i

147 1282 244 1328 pulis
274 1281 565 1323 commendavit,
597 1283 637 1315 ut
667 1279 751 1315 illos
781 1282 826 1315 ait
863 1278 918 1315 sui

151 1328 333 1364 visionem
373 1332 621 1374 perventuros
648 1337 728 1363 esse
764 1330 919 1362 ‹temon-
952 1335 954 1347 *

148 1380 305 1419 straret,
344 1377 404 1421 qui
446 1385 573 1420 pacem
608 1378 646 1409 et
682 1373 920 1409 concordiam

148 1424 261 1459 corde
281 1426 318 1458 et
334 1433 491 1464 corpore
510 1424 674 1457 servant.
697 1423 744 1456 Ex
766 1431 837 1465 qu»
859 1431 920 1466 pa-

148 1472 215 1514 tet,
243 1470 341 1514 qnod
370 1469 420 1504 illi
451 1473 538 1505 sunt
564 1467 724 1514 pacitici,
750 1467 810 1513 qui
835 1478 921 1504 vere

149 1525 230 1553 sunt
247 1516 379 1553 Christi
394 1515 797 1562 disciptili.Sect1iidum
814 1517 922 1559 Chry-

147 1569 355 1608 sostomum‚
381 1563 572 1609 discipulis
598 1563 688 1598 dixit
716 1574 724 1597 :
748 1564 826 1597 Piioe
858 1573 920 1598 iso-

149 1613 217 1652 bis,
240 1611 327 1657 quia
354 1611 526 1657 praelium
555 1610 845 1656 inexpugnabile
875 1609 922 1645 ad
954 1604 956 1633 ἵ

145 1660 254 1695 Judae
273 1670 298 1694 »s
336 1659 535 1694 habi-bant.
558 1658 775 1693 Mulieribiis
795 1660 921 1692 autem

146 1706 325 1751 gaudium
350 1705 599 1749 evazmclizat,
621 1704 705 1749 quii
736 1704 772 1739 in
800 1703 923 1739 tri-ti-

147 1753 210 1789 iiis
230 1764 346 1799 genus
377 1752 467 1788 illud
490 1756 586 1788 erat.
610 1751 831 1787 Alternatim
854 1751 924 1797 igi-

147 1806 208 1836 tur
227 1799 314 1835 viris
335 1800 487 1845 quidem
505 1802 658 1845 propter
676 1798 846 1844 praelium
866 1809 926 1844 pa-
959 1827 961 1830 .

150 1857 245 1891 cem,
270 1847 487 1882 mulieribus
510 1857 597 1882 vero
625 1850 776 1891 propter
802 1846 926 1880 tristi—

153 1895 241 1930 tiam
263 1893 494 1939 evangelizat
519 1892 708 1939 gaudium.
735 1894 777 1927 Et
797 1904 843 1928 ne
865 1892 927 1928 di-

156 1940 288 1987 scipuli
308 1952 393 1976 eum
407 1941 536 1984 alium,
559 1940 611 1975 vel
632 1941 850 1984 phantasma
868 1951 928 1985 pu-

151 1991 288 2027 tirent,
311 1987 503 2032 subjunxit
536 1992 573 2023 ut
595 1987 731 2032 legitur
753 1988 789 2022 in
807 1989 926 2022 Luca:

152 2038 230 2080 E90
245 2047 337 2078 sum,
361 2035 499 2070 scilicet
522 2034 557 2070 in
581 2045 740 2081 persona
762 2035 926 2080 propria,

151 2092 226 2118 non
248 2093 307 2118 res
328 2081 576 2128 phantastica,
604 2093 667 2118 seu
691 2081 813 2116 illusio
845 2081 924 2117 dia-

151 2130 285 2171 bolica,
305 2131 416 2165 notite
436 2132 559 2165 timere
577 2130 631 2165 vel
653 2129 838 2164 dubitare.

149 2235 312 2260 panim&
331 2235 494 2261 FUERUNT
514 2224 531 2260 ‘2
553 2245 595 2250 -—
609 2225 823 2261 Contarbutt
844 2234 926 2260 vero

153 2271 306 2324 quidam
330 2282 374 2308 ex
393 2271 495 2318 ipsis,
524 2282 600 2317 prae
622 2278 772 2316 stupore
804 2276 840 2306 et
861 2272 924 2306 ad-
958 2275 961 2297 'f

150 2319 365 2362 miratione,
394 2323 426 2355 et
459 2321 658 2362 conterriti,
686 2329 761 2363 prae
792 2318 927 2354 timore

150 2376 218 2402 seu
257 2366 419 2412 quodam
454 2365 617 2402 naturali
658 2366 830 2410 horrore,
854 2376 926 2411 quo
959 2387 960 2391 =

148 2412 222 2448 vivi
247 2413 370 2448 solent
390 2420 560 2450 mortuos
594 2414 762 2455 horrere,
791 2415 927 2448 eoeisti-

148 2461 299 2495 mabnnt
320 2470 356 2495 se
376 2463 564 2505 spiritum,
588 2471 702 2506 quem
723 2459 760 2495 in
784 2459 927 2495 Passio-

152 2517 200 2542 ne
240 2507 433 2550 emiserat,
476 2519 548 2543 non
588 2518 739 2543 carnem
779 2509 924 2544 videre:

149 2555 309 2589 nonduin
337 2557 432 2589 enim
476 2556 680 2598 credebant,
720 2555 775 2590 vel
820 2553 927 2590 t··rtia

153 2601 214 2637 die
232 2612 356 2637 veram
379 2612 531 2637 caruem
550 2607 716 2648 potuisse
737 2603 781 2638 de
802 2603 927 2648 sepul·
958 2612 960 2629 =

153 2649 242 2684 ebro
290 2659 514 2695 resurgere,
555 2649 611 2684 vol
651 2651 924 2693 resuscitatam,

154 2696 290 2731 clausis
306 2696 444 2742 Januis,
467 2696 513 2731 ad
549 2706 613 2731 eos
640 2707 750 2741 posse
771 2696 923 2732 intrare.

153 2742 286 2778 Divina
321 2747 446 2778 autem
488 2743 721 2788 providentia
751 2742 924 2789 permissi

152 2795 239 2825 sunt
264 2789 448 2831 dubitare,
469 2790 514 2826 ad
544 2790 722 2835 mitiorem
745 2791 926 2826 certifica-

983 242 1124 277 tionem
1158 238 1241 275 tidei
1271 239 1318 275 de
1347 240 1542 277 Dominica
1573 241 1753 276 Resurre-

984 287 1122 323 ctione.
1143 289 1187 323 Et
1201 287 1301 321 diiit
1317 289 1368 322 eis
1390 300 1400 323 :
1422 289 1531 331 Quid,
1548 288 1582 323 id
1604 291 1659 323 est
1679 296 1755 332 qua

984 336 1030 371 de
1065 344 1191 377 causa,
1220 334 1359 369 turbati
1383 338 1483 373 estis.
1506 339 1539 370 et
1564 335 1754 378 coqz'tatio-

984 393 1044 417 nes
1067 382 1279 419 ascendunt.
1301 382 1405 427 quasi
1434 382 1480 418 ab
1511 381 1640 417 infimo
1661 384 1757 416 taim-

987 440 1096 475 quiui
1125 428 1227 463 silsae
1250 434 1286 464 et
1314 428 1572 474 pli.intasticae.
1604 438 1677 464 non
1698 427 1759 463 de-

987 486 1098 521 super
1118 476 1163 511 de
1181 477 1271 511 ciclo
1290 477 1553 512 descendentes
1569 479 1760 520 tamquam

989 534 1083 559 verae
1100 527 1136 558 et
1165 525 1285 565 bonae,
1309 525 1345 558 in
1372 524 1481 559 corda
1503 528 1638 565 vestm,
1659 522 1761 557 intir-

988 581 1049 606 ma
1070 575 1105 606 et
1128 570 1370 606 dubitantia?
1390 573 1433 606 Et
1464 570 1552 616 qnia
1584 569 1631 605 ad
1668 567 1763 604 illud

988 628 1123 664 corpus
1150 618 1249 663 quod
1276 618 1391 654 videri
1412 621 1559 664 poterat
1585 616 1679 652 fides
1698 613 1760 650 in-

987 665 1170 701 tuentium
1189 664 1399 709 dubitabat,
1419 668 1457 700 ut
1473 664 1666 700 veritatem
1682 672 1760 698 car-

989 712 1046 748 nis
1068 713 1256 758 probaret,
1281 712 1447 748 exliibuit
1473 710 1528 747 eis
1557 720 1704 753 manus,
1723 711 1761 745 et

989 760 1117 805 pedes,
1139 757 1175 795 et
1198 760 1297 795 latus
1329 759 1376 795 ad
1399 759 1600 795 videndum
1623 762 1659 793 et
1680 756 1759 803 pal-

990 807 1169 852 pandum,
1213 807 1411 842 declarans
1445 807 1544 852 quod
1578 805 1658 851 ipse
1697 803 1761 850 qui

992 853 1202 897 ci*ucifixu<‚
1222 859 1393 890 mortuus
1411 861 1445 889 et
1466 854 1659 889 lanceatus
1680 850 1760 895 tuit,

992 901 1026 936 in
1061 900 1123 935 illo
1161 901 1293 936 codem
1323 911 1479 947 corpore
1506 899 1677 935 surrexit.
1704 899 1764 934 Vi·

993 949 1071 983 dete
1112 947 1249 994 inquit,
1276 959 1405 983 manns
1441 958 1538 982 meas
1573 951 1605 983 et
1640 945 1762 992 pedes,

993 998 1081 1041 quia
1112 1006 1174 1039 eqo
1213 997 1290 1040 ipse
1324 1007 1414 1031 sum.
1446 994 1556 1038 Quasi
1592 993 1762 1030 diceret:

996 1048 1063 1078 t’er
1096 1042 1352 1089 huJus‹·emsioi
1386 1042 1579 1078 cicatrices
1610 1040 1766 1087 potestis

992 1089 1197 1136 pert-ipeie.
1222 1101 1307 1136 quia
1334 1101 1402 1133 ego
1435 1099 1517 1126 sum
1552 1088 1612 1134 qui
1634 1097 1766 1135 passus

993 1140 1041 1173 t'ui
1066 1141 1102 1173 et
1129 1137 1327 1174 resurrexi.
1353 1139 1424 1173 Per
1448 1136 1638 1172 cicatrices
1667 1134 1768 1171 enim

993 1188 1246 1228 remanentes,
1268 1184 1432 1220 ostendit
1452 1186 1648 1230 quoderat
1668 1182 1767 1218 iitim

994 1242 1131 1278 corpus
1154 1243 1322 1268 numero.
1364 1232 1604 1268 Resurrectio
1625 1228 1767 1266 etenim

994 1290 1096 1322 vera,
1119 1283 1176 1315 est
1202 1280 1370 1325 e,Jusdi³m
1390 1280 1426 1314 in
1451 1288 1608 1314 numero
1630 1277 1768 1313 iterata

994 1327 1188 1362 surrectio.
1213 1328 1366 1372 Patpate
1383 1331 1416 1362 et
1433 1327 1566 1369 videte,
1580 1326 1669 1370 quia
1689 1325 1766 1370 spi-

993 1376 1087 1409 ritus
1113 1385 1254 1409 carnem
1278 1378 1310 1408 et
1331 1385 1411 1409 ossa
1437 1384 1507 1408 non
1534 1374 1639 1408 habet
1673 1373 1767 1406 sicut

994 1432 1049 1456 ‘me
1069 1422 1201 1456 videtis
1221 1421 1361 1456 habere.
1380 1420 1491 1464 Quasi
1511 1420 1650 1456 diceret
1670 1430 1678 1454 z
1696 1419 1767 1454 Per

996 1469 1065 1504 hoc
1107 1468 1262 1514 potestis
1294 1468 1406 1504 etiam
1442 1477 1666 1513 cognoscere
1708 1475 1768 1501 me

996 1517 1137 1552 habere
1173 1526 1306 1562 corpus
1349 1525 1492 1559 verum,
1515 1525 1589 1550 non
1616 1514 1767 1559 phanta-

997 1562 1144 1599 sticum.
1173 1563 1228 1598 Ad
1251 1561 1499 1599 ‹tubitantiuin
1526 1571 1628 1598 enim
1655 1561 1769 1596 corita

998 1611 1179 1651 sananda,
1202 1610 1401 1646 vulnerum
1427 1613 1576 1645 servata
1600 1611 1688 1645 sunt
1706 1617 1768 1643 ve-

998 1658 1121 1703 stigia,
1135 1665 1171 1693 et
1191 1656 1274 1693 ileo
1287 1661 1481 1693 vulnerum
1506 1656 1700 1692 cicatrices
1714 1665 1771 1691 os-

957 1738 958 1741 ,
999 1705 1132 1744 tendit.
1159 1711 1198 1740 ut
1234 1704 1437 1740 dubietatis
1464 1710 1500 1740 et
1540 1701 1772 1739 infidelitatis

1001 1762 1128 1788 eorum
1148 1751 1280 1787 vulnus
1299 1754 1513 1788 sanaret.Et
1532 1762 1611 1787 cum
1635 1752 1698 1786 hoc
1719 1750 1772 1784 di-

999 1801 1128 1842 misset,
1149 1800 1305 1834 ostendit
1326 1801 1375 1834 eis
1393 1809 1532 1839 manus,
1547 1803 1586 1833 ut
1600 1797 1775 1833 incitaret

1002 1847 1047 1882 ad
1080 1847 1332 1892 pugnandum.
1358 1845 1471 1889 Quasi
1503 1845 1676 1882 diceret:
1705 1843 1773 1880 Vi·-

1003 1894 1086 1930 dete
1110 1904 1256 1936 manus,
1280 1893 1414 1938 quibus
1436 1904 1500 1937 pro
1523 1892 1629 1929 vobis
1652 1891 1773 1927 tideli-

1003 1947 1060 1976 ter
1078 1941 1254 1986 pugnavi,
1277 1942 1344 1976 lias
1372 1942 1475 1976 vobis
1494 1939 1578 1976 idco
1598 1940 1771 1982 ostendo,

1003 1992 1041 2024 ut
1072 1993 1108 2023 et
1135 1999 1197 2023 vos
1218 1987 1406 2034 pugnetis,
1430 1988 1517 2028 tiuia
1536 1987 1618 2023 sine
1649 1996 1772 2033 pugna

960 2032 962 2070 i
1002 2035 1161 2071 victores
1185 2035 1374 2070 ueneritis
1405 2034 1571 2071 Virilitei·
1592 2045 1681 2080 ergo
1698 2033 1772 2080 agi-

960 2108 962 2123 2
1002 2087 1053 2127 te,
1081 2082 1169 2128 quia
1191 2085 1350 2118 vincenti
1376 2082 1468 2118 dubo
1494 2083 1614 2118 sedere
1636 2091 1772 2117 mecum

959 2162 960 2165 ,
1002 2132 1040 2166 in
1074 2133 1201 2166 throno
1239 2141 1359 2166 meo...
1381 2130 1548 2166 Ostendit
1566 2129 1679 2165 etiam
1701 2128 1774 2164 illis

198 2181 216 2212 5
240 2178 314 2213 Cun
340 2189 384 2212 DE
421 2178 718 2213 Rasunmzcnom:
749 2187 926 2212 Dussi‘rARn
959 2176 960 2179 ’

1002 2178 1111 2221 latus,
1149 2181 1192 2213 ut
1233 2181 1454 2224 provocaret
1491 2177 1538 2213 ad
1569 2176 1772 2213 amandum

1002 2224 1108 2270 quasi
1129 2225 1269 2260 diceret
1291 2237 1299 2260 :
1322 2224 1451 2260 Videte
1472 2224 1567 2260 latus
1586 2226 1772 2270 apertum,

1001 2283 1065 2308 cor
1085 2273 1335 2314 vulneratum,
1357 2278 1396 2307 ut
1416 2272 1574 2308 videatis
1597 2275 1776 2317 quantum

1002 2319 1197 2355 dilexerim
1218 2330 1295 2363 vos,
1316 2322 1356 2355 ut
1375 2323 1410 2354 et
1430 2329 1496 2355 vos
1519 2329 1577 2355 me
1596 2316 1777 2364 diligatis.

1002 2367 1167 2403 Ostendit
1189 2369 1239 2402 eis
1262 2371 1294 2402 et
1318 2367 1440 2412 pedes,
1467 2371 1505 2402 ut
1526 2365 1713 2402 stabiliret
1730 2364 1779 2400 ad

1000 2414 1336 2460 perseverandum.
1358 2418 1395 2450 ut
1411 2414 1457 2449 ab
1473 2413 1688 2459 inceptione
1708 2412 1777 2448 ho-

1002 2472 1059 2496 nae
1083 2461 1165 2496 vitae
1188 2472 1259 2496 non
1290 2461 1530 2496 desistamus.
1557 2460 1660 2496 Unde
1686 2469 1779 2505 per-

1001 2507 1214 2544 severantia
1237 2509 1291 2543 vel
1315 2508 1500 2544 stabilitas
1530 2512 1599 2549 est,
1627 2505 1777 2552 quando

1004 2556 1115 2591 homo
1142 2567 1208 2591 nec
1232 2556 1355 2599 minis,
1380 2566 1445 2591 nec
1472 2565 1615 2591 amore.
1642 2563 1710 2589 nec
1729 2552 1775 2587 ti-

1002 2614 1121 2645 more,
1143 2613 1209 2638 nec
1223 2604 1435 2642 commodo.
1453 2613 1519 2638 nec
1539 2599 1774 2637 incommodo

1001 2662 1020 2685 a
1047 2652 1143 2685 liona
1165 2650 1239 2686 vita
1260 2651 1315 2686 vel
1338 2661 1360 2686 a
1377 2651 1584 2696 iiraeceptis,
1604 2648 1661 2684 vel
1677 2656 1773 2683 avo-

1000 2700 1036 2732 to
1058 2697 1155 2742 quod
1176 2701 1286 2741 vovit,
1307 2698 1525 2733 retrahitur.

1047 2748 1067 2779 6
1099 2746 1262 2787 QfflNQUE
1299 2756 1343 2780 ns
1367 2755 1508 2784 Qumms
1534 2753 1601 2780 rios
1636 2751 1771 2776 TENTAT

1001 2802 1187 2827 nunonus.
1235 2812 1279 2818 —-
1318 2793 1410 2827 Sunt
1446 2793 1570 2826 autem
1609 2788 1774 2835 quinque
