1924 3157
67 2567 72 2625 l

69 2628 73 2643 t

523 129 575 163 DE
615 130 776 170 SEXTA.
816 130 858 164 IN
896 129 1113 165 PASSIONE
1152 131 1327 167 DOMINI.

91 197 286 236 Secundus
324 200 459 244 status,
489 200 632 236 scilicet
664 200 698 236 in
731 201 870 245 morte,

90 249 147 284 est
179 245 426 292 periculosus,
458 246 546 292 quia
578 247 720 292 hostes,
758 247 794 284 id
816 250 873 285 est

89 294 298 338 daemoneS,
315 294 362 330 ad
379 294 584 331 morientes
600 295 800 341 accedunt,
822 298 872 338 et,

89 340 120 378 si
148 341 246 388 quod
278 342 342 388 jhs
363 342 525 386 hahent,
553 342 778 389 exquirunt3
808 343 873 379 sed

90 389 201 426 beata
220 388 328 435 Virgo
345 390 492 426 animas
509 389 544 426 in
564 393 683 426 morte
693 390 872 437 protegit,

91 439 127 473 et
145 436 274 473 hostes
299 437 464 484 expellit,
485 437 571 474 ideo
594 438 838 485 subjungitur
862 449 870 474 ε

164 509 218 544 Τιι
236 519 300 544 nos
320 508 365 544 ab
387 509 486 546 hoste
500 511 662 556 protege.

92 580 241 617 Tertius
261 583 394 625 status,
420 580 563 616 scilicet
594 581 681 633 post
711 583 875 616 mortem

94 630 131 664 et
146 629 283 664 animae
298 638 508 674 egressum,
521 627 694 664 similiter
709 629 763 663 est
780 627 878 673 peri-

94 674 258 719 culosus,
283 676 463 721 quoniam
492 674 543 711 ibi
571 678 658 711 sunt
684 675 878 711 daemones

93 722 744 769 rugientes,animamquedevorare
755 722 878 759 volen-

98 772 173 814 tes3
190 771 255 806 sed
274 771 390 807 Beata
406 770 519 815 Virgo
538 769 684 806 animas
700 769 739 806 in
758 776 879 806 morte

95 817 251 863 suscipit
285 821 322 854 et
351 817 388 854 in
422 818 560 854 coelum
594 817 762 863 deducit,
796 818 879 854 ideo

99 864 334 902 subinfertur
356 875 366 901 ε

165 937 214 972 Et
235 936 324 972 hora
342 936 470 972 mortis
491 935 648 983 suscipe.

96 1007 125 1044 0
142 1007 294 1042 Domine
310 1007 409 1050 Jesn,
426 1007 606 1050 Maqister
623 1006 723 1051 bone,
744 1016 881 1043 recom-

95 1054 363 1091 mendationem
379 1065 491 1099 quam
507 1055 632 1098 fecisti
650 1056 746 1090 inter
764 1065 828 1090 nos
849 1058 883 1091 et

98 1103 255 1140 Matrem
291 1104 392 1137 tuam
425 1111 597 1137 conseri-a
618 1103 657 1137 in
684 1105 879 1147 aeternum;

97 1153 131 1187 et
144 1150 192 1186 da
208 1149 313 1186 nobis
327 1150 502 1194 qratiam,
521 1153 562 1185 ut
576 1151 609 1185 ei
624 1149 810 1185 valeamus
829 1153 883 1186 ta-

100 1199 184 1234 liter
203 1197 400 1241 deservire,
422 1197 519 1243 quod
545 1197 656 1242 diyne
675 1207 882 1233 mereamur

70 1280 72 1282 ,
98 1245 177 1291 ejus
202 1246 274 1291 filii
301 1246 525 1291 nuncupari,
547 1248 579 1280 et
601 1246 686 1291 ipsa
708 1246 882 1291 diqnetur

100 1296 219 1330 mater
236 1296 270 1329 et
283 1294 438 1329 Domina
456 1296 582 1328 nostra
600 1294 689 1329 dici.

149 1343 192 1388 57
207 1341 385 1377 Tnunnnffl
396 1351 514 1376 FACTAE
534 1351 645 1377 suren
665 1351 820 1377 renium.
835 1361 882 1368 -

104 1388 139 1426 Α
165 1392 270 1424 seoeta
291 1392 411 1424 autem
435 1389 538 1433 hora,
558 1389 667 1432 faccee
686 1392 772 1424 sunt
791 1392 884 1425 tene-

105 1436 177 1472 brae
189 1435 372 1480 visibiles,
388 1446 497 1482 super
511 1437 719 1472 universnm
733 1440 880 1481 terram,

103 1494 219 1530 usque
242 1484 291 1520 ad
328 1485 454 1519 horam
483 1494 629 1520 nonam.
654 1483 748 1527 Quia
781 1484 883 1520 enim

104 1532 237 1578 Agnus
257 1532 456 1575 innocens,
483 1534 519 1567 et
552 1541 661 1567 verus
689 1532 749 1568 Sol
773 1531 882 1578 justi-

105 1580 167 1616 tiae
185 1578 354 1626 eclipsim
378 1579 607 1625 patiebatur,
632 1579 687 1615 sol
710 1580 780 1616 iste
801 1579 883 1615 visi-

106 1626 193 1664 bilis
213 1626 465 1663 clarissimum
488 1626 621 1663 mundi
643 1627 786 1671 lumen,
806 1628 883 1663 Fa-

104 1674 201 1711 ctori
220 1685 288 1711 suo
321 1675 570 1721 compatienS,
594 1674 689 1710 lucis
719 1684 798 1711 suae
822 1685 883 1711 ra-

103 1721 186 1759 dios
206 1721 362 1758 retraxit
383 1725 419 1757 et
436 1722 732 1766 occultavit,non
755 1721 884 1759 valens

103 1769 242 1806 intueri
260 1770 487 1816 pendentem
498 1769 714 1811 Dominum,
729 1780 772 1806 ae
783 1780 883 1806 mor-

104 1817 151 1854 tis
165 1818 246 1864 eJus
266 1816 450 1853 vilitatem
469 1820 506 1854 et
525 1817 788 1854 acerbitatem.
812 1819 884 1854 Un-

105 1865 152 1902 de
176 1867 451 1910 Chrysostomus
475 1877 483 1902 :
521 1877 538 1899 «
562 1865 622 1901 Sol
656 1866 884 1902 obscuratus

79 1918 83 1919 ⁷
107 1916 185 1957 est;
206 1923 282 1949 non
301 1912 402 1949 enim
418 1913 516 1950 serre
544 1916 693 1960 poterat
712 1917 886 1949 creatura

107 1959 288 2008 injuriam
321 1960 521 1997 Creatoris.
559 1960 728 1997 Retraxit
760 1961 886 1997 radios

111 2019 214 2052 suos,
231 2007 366 2044 celavit
393 2007 547 2054 igneum
566 2009 692 2055 jubar,
717 2019 763 2044 ne
781 2007 886 2045 vide-

109 2058 169 2092 ret
187 2055 391 2102 impiorum
412 2055 581 2092 facinora
601 2067 609 2092 :
633 2070 651 2089 »
671 2057 751 2092 haec
773 2057 886 2101 Chry-

107 2107 298 2140 sostomus.
327 2104 404 2139 Hoc
420 2106 545 2140 autem
561 2104 703 2140 factum
725 2103 795 2140 suit
817 2103 886 2140 tri-

107 2150 195 2198 plici
224 2150 399 2186 ratione:
428 2151 566 2198 primo,
594 2155 635 2187 ut
659 2155 793 2188 natura
822 2151 887 2187 in·-

110 2197 316 2242 sensibilis‚
338 2198 485 2238 Christo
507 2198 755 2245 compatiens,
773 2200 887 2235 eorda

110 2245 260 2292 lapidea
286 2246 333 2282 ad
352 2256 480 2290 veram
497 2246 635 2283 Christi
660 2246 888 2294 compassio-

112 2303 200 2329 nem
221 2293 434 2338 emolliret;
463 2294 646 2339 secundo,
665 2297 709 2331 ut
727 2295 889 2341 eclipsa-

113 2340 165 2377 tio
182 2340 337 2376 luminis
351 2341 499 2386 solaris,
515 2342 813 2379 subtractionem
830 2353 890 2378 ve-

113 2387 145 2424 ri
166 2387 319 2424 luminis
337 2387 377 2423 in
398 2389 576 2426 cordibus
595 2390 830 2432 Judaeorum,
853 2393 890 2427 ct

111 2434 273 2472 militum
293 2435 481 2472 Christum
501 2437 821 2484 crucifigentium,
845 2448 888 2474 o-

113 2484 334 2527 stenderet;
365 2483 490 2528 tertio,
513 2494 561 2521 ne
595 2495 733 2532 corpus
752 2486 888 2522 Christi

111 2530 257 2567 nudum
291 2529 329 2566 in
363 2541 511 2567 crucem
551 2534 587 2568 et
624 2537 784 2569 mortem
808 2533 890 2580 ejiis

115 2577 487 2624 exprobratissimam
504 2580 550 2616 ab
565 2579 687 2627 impiis
702 2591 786 2617 cum
804 2591 891 2626 gau-

71 2655 73 2658 .
115 2624 177 2662 dio
195 2625 329 2670 videri,
350 2626 407 2662 vel
430 2637 494 2662 eos
515 2637 582 2664 sua
603 2627 683 2664 luce
705 2628 775 2665 frui
799 2639 890 2673 per-

118 2671 297 2710 mitteret.
326 2674 404 2710 Non
426 2680 551 2710 autem
568 2675 637 2711 suit
654 2674 727 2712 ista
745 2675 891 2723 eclipsis

119 2721 315 2773 naturaliS,
331 2722 431 2768 quod
447 2725 550 2768 patet
570 2733 578 2758 :
597 2733 640 2759 ex
654 2722 799 2760 ratione
820 2724 890 2760 du-

120 2771 292 2811 rationis,
315 2770 402 2816 quia
430 2779 637 2817 numquam
660 2774 782 2817 potest
802 2771 882 2806 tiri-i

1679 128 1805 191 119&ss

963 200 1186 238 naturaliter
1212 212 1279 248 per
1304 203 1379 238 tres
1398 200 1532 246 horas3
1556 201 1736 247 secundo,

962 247 1107 285 ratione
1145 248 1339 295 temporis,
1379 248 1469 296 quia
1505 248 1738 296 impossibile

961 299 1018 333 est
1041 294 1120 331 sieri
1143 295 1326 342 evulo-im,
1352 296 1421 333 nisi
1443 296 1482 334 in
1503 296 1738 344 conjunctio-

963 355 1009 380 ne
1036 343 1127 379 solis
1148 346 1182 378 et
1206 343 1317 387 lunw,
1339 344 1403 381 sed
1426 348 1516 381 tune
1544 344 1632 381 luna
1658 347 1740 382 erat

963 391 1090 438 plena,
1110 393 1147 426 et
1165 401 1183 425 e
1199 390 1352 433 regione
1377 393 1422 428 ad
1445 392 1586 437 solem;
1607 391 1737 437 tertio,

965 438 1110 475 ratione
1149 438 1423 484 generalitatis,
1451 439 1600 486 eclipsis
1637 439 1739 476 enim

965 496 1171 532 numquam
1193 488 1316 532 potest
1343 497 1425 522 esse
1451 497 1561 532 super
1585 489 1741 523 univer-

964 544 1043 570 sam
1080 538 1229 578 terram,
1259 534 1354 569 sicut
1380 533 1517 570 dicitur
1545 533 1618 577 hic,
1652 533 1741 580 quia

966 581 1065 628 apud
1085 581 1250 618 Athenas
1282 580 1353 617 hoc
1382 580 1501 617 visum
1532 581 1613 618 suit.
1635 581 1742 618 Unde

965 630 1178 674 Dionys-im,
1188 627 1287 674 apud
1300 627 1522 675 Heliopolim
1535 633 1623 665 tunc
1642 639 1739 675 prae-

967 687 1065 721 sens,
1087 675 1261 712 vidithoc
1283 676 1363 712 {ieri
1385 686 1454 722 per
1479 674 1743 722 interpositio-

967 735 1052 761 nem
1077 724 1188 767 lunae,
1211 723 1251 760 in
1268 725 1409 760 terram
1430 725 1467 759 et
1482 722 1614 767 solem,
1647 723 1745 760 sicut

969 772 1010 808 fit
1045 771 1082 807 in
1105 770 1234 817 eclipsi
1258 770 1362 815 solis,
1386 769 1475 817 quia
1499 768 1594 806 vidit
1615 771 1743 807 lunam

969 820 1015 856 ab
1036 818 1188 855 Oriente
1203 818 1473 855 ascendentem
1489 828 1620 855 versus
1636 818 1745 855 Meri-

970 867 1084 911 diem,
1113 869 1150 902 et
1175 877 1256 902 sese
1286 870 1562 912 supponentem
1588 865 1679 910 soli;
1708 869 1745 902 et

971 915 1040 951 hac
1058 917 1249 950 transacta
1270 913 1414 960 eclipsi,
1437 912 1526 950 luna
1542 913 1678 950 redivit
1696 914 1744 950 ad

970 962 1177 1005 Orientem,
1199 961 1252 997 ita
1268 961 1367 1007 quod
1388 960 1426 997 in
1441 971 1598 1007 vespere
1620 960 1689 997 fuit
1706 962 1744 997 in

971 1009 1136 1053 Oriente,
1159 1009 1238 1045 sole
1260 1008 1444 1045 existente
1465 1007 1504 1044 in
1525 1007 1742 1053 Occidente,
1792 1052 1794 1055 y

971 1061 1007 1094 et
1025 1056 1079 1093 sie
1096 1057 1206 1093 orbes
1224 1058 1344 1092 totum
1361 1058 1454 1092 'sunt
1473 1056 1522 1092 ad
1545 1055 1747 1101 pristinum

971 1107 1110 1141 statum
1140 1102 1331 1148 restituti;
1359 1103 1459 1139 unde
1495 1106 1598 1148 patet
1633 1104 1748 1139 etiam

971 1153 1160 1189 detectum
1180 1155 1217 1188 et
1235 1150 1548 1197 repugnationem
1567 1149 1657 1187 solis
1673 1159 1747 1187 non

970 1211 1014 1237 ex
1034 1200 1165 1236 eadem
1191 1201 1314 1245 parte,
1343 1198 1409 1235 sed
1430 1209 1450 1234 e
1472 1197 1662 1235 contraria
1682 1208 1748 1234 se—

971 1248 1135 1284 cundum
1152 1245 1382 1283 diametrum
1414 1244 1613 1292 incepisse.
1638 1247 1746 1292 Item,

971 1295 1045 1332 illae
1066 1295 1234 1331 tenebrae
1260 1293 1470 1341 palpabiles
1491 1296 1601 1330 erant
1622 1296 1659 1330 et
1677 1293 1747 1329 ob-

970 1353 1105 1387 scurae,
1132 1347 1169 1378 et
1188 1341 1308 1388 nigrae
1326 1341 1421 1378 sicut
1440 1341 1608 1378 tenebrae
1631 1341 1751 1388 AEgy-

970 1392 1022 1437 pti
1041 1391 1108 1426 sul·
1129 1390 1325 1426 Pharaone
1345 1400 1353 1431 ;
1376 1389 1543 1425 tenebrae
1560 1391 1686 1425 autem
1705 1398 1749 1424 ex

971 1437 1097 1484 eclipsi
1121 1437 1209 1473 solis
1228 1436 1389 1472 naturali
1414 1435 1640 1483 ferrugineae
1660 1438 1749 1472 sunt

972 1489 1009 1521 et
1030 1496 1152 1522 aereae
1173 1486 1220 1521 ad
1236 1483 1511 1530 aliquantulum
1533 1484 1660 1520 clarae.
1679 1484 1748 1519 Pa—

972 1535 1025 1570 tet
1048 1543 1138 1580 crgo
1156 1560 1165 1577 ,
1195 1532 1295 1578 quod
1314 1531 1380 1568 illa
1407 1530 1556 1577 eclipsis
1578 1542 1653 1567 non
1673 1541 1748 1577 po-

972 1580 1043 1617 tuit
1074 1579 1259 1616 naturalis
1281 1589 1377 1624 esse,
1408 1579 1474 1615 sed
1498 1579 1748 1623 miraculosa;

972 1631 1010 1665 et
1022 1627 1091 1664 soli
1108 1627 1270 1672 Christo,
1282 1628 1345 1673 qui
1364 1630 1417 1663 est
1435 1637 1548 1663 causa
1562 1625 1748 1670 omnium,

972 1674 1187 1712 manifesta.
1209 1675 1266 1719 Et,
1290 1675 1378 1720 quia
1399 1674 1517 1710 tribus
1541 1672 1644 1709 horis
1663 1684 1751 1720 pro·
1791 1720 1793 1722 q

972 1727 1093 1760 tensae
1127 1725 1216 1759 sunt
1243 1722 1427 1766 tenebrae,
1459 1721 1544 1757 ideo
1581 1722 1650 1757 has
1676 1725 1752 1756 tres

974 1772 1086 1808 horas
1107 1774 1426 1817 repraesentamus
1446 1768 1615 1806 tenebris
1639 1768 1754 1804 trium

974 1818 1164 1864 noctium,
1203 1817 1262 1853 vel
1285 1817 1418 1862 potius,
1456 1814 1493 1852 in
1531 1815 1756 1853 memoriam

973 1865 1161 1903 triduanae
1193 1865 1395 1912 sepulturae
1426 1863 1546 1901 tribus
1581 1863 1756 1900 noctibus

975 1914 1228 1957 celebramus,
1242 1914 1351 1959 quasi
1371 1911 1568 1948 triduanas
1587 1910 1757 1957 exsequi-

975 1973 1016 1999 as
1034 1961 1171 1999 Christi
1195 1959 1349 2004 mortui,
1372 1959 1461 2007 quia
1481 1970 1549 1996 nec
1566 1958 1655 1996 alibi
1677 1969 1757 1995 mo-

977 2009 1088 2046 nachi
1118 2019 1256 2045 novem
1288 2007 1469 2044 lectiones
1499 2006 1654 2051 iaciunt,
1680 2005 1754 2042 nisi

976 2058 1051 2101 hic,
1079 2059 1116 2093 et
1146 2067 1216 2104 pro
1244 2055 1416 2092 mortuis.
1446 2056 1491 2091 Et
1524 2059 1612 2091 tunc
1640 2053 1756 2090 etiam

976 2106 1161 2152 primatus
1183 2104 1429 2140 tenebrarum
1456 2102 1664 2138 insinuatus
1685 2104 1754 2146 est,

977 2153 1065 2200 quia
1094 2152 1133 2188 in
1153 2151 1229 2188 illis
1265 2151 1399 2187 diebus
1419 2150 1589 2187 tenebrae
1621 2159 1755 2195 coepe-

978 2204 1066 2237 runt
1083 2199 1183 2236 diem
1205 2198 1434 2246 praecedere.
1457 2196 1522 2234 His
1548 2195 1663 2234 etiam
1685 2196 1755 2233 ho-

977 2249 1044 2293 ris,
1065 2247 1208 2284 scilicet
1227 2257 1248 2282 a
1270 2248 1374 2282 sexta
1407 2255 1525 2291 usque
1545 2245 1593 2281 ad
1614 2253 1756 2280 nonam

978 2296 1099 2341 magis
1112 2291 1598 2331 obtenebranturhomines
1613 2301 1755 2328 comes-

978 2341 1187 2379 sationibus
1213 2344 1249 2377 et
1264 2340 1510 2377 ebrietatibus
1530 2338 1755 2376 vacando.O

979 2389 1110 2437 quanti
1135 2392 1172 2425 et
1194 2388 1323 2435 quales
1351 2388 1465 2424 etiam
1496 2386 1678 2435 religiosi,
1698 2386 1758 2423 his

980 2440 1096 2481 hor1s,
1116 2435 1284 2473 tenebris
1309 2435 1545 2483 voluptatum
1575 2435 1757 2471 effrenate

979 2497 1018 2522 sc
1040 2487 1282 2530 immergunt,
1305 2483 1394 2530 quia
1413 2493 1459 2520 ea
1480 2493 1565 2529 quae
1585 2481 1756 2520 Christus

979 2537 1069 2569 tunc
1087 2542 1222 2579 passus
1239 2534 1309 2574 est,
1326 2534 1519 2577 tamquam
1540 2530 1680 2577 ingrati
1696 2540 1758 2575 pa-

979 2591 1064 2617 rum
1097 2579 1277 2625 cogitant,
1314 2579 1373 2615 vel
1404 2578 1627 2615 attendunt!
1660 2579 1756 2621 Tibi,

978 2629 1128 2665 Domine
1157 2629 1256 2672 Jesu,
1287 2628 1457 2663 morienti
1477 2635 1686 2672 compassus
1707 2628 1758 2660 est

977 2677 1046 2720 sol,
1073 2675 1227 2722 proinde
1250 2685 1379 2721 precor
1405 2677 1438 2710 ct
1464 2674 1620 2717 obsecro,
1642 2676 1681 2708 ut
1702 2682 1756 2707 me

979 2734 1083 2770 quem
1102 2724 1321 2760 rationalem
1340 2722 1490 2759 condere
1507 2722 1682 2765 diqnatus
1704 2729 1753 2761 es,

978 2773 1030 2806 sic
1045 2772 1166 2815 facias
1187 2774 1251 2806 tna
1268 2772 1405 2817 pietate
1422 2770 1580 2815 compati
1596 2768 1664 2801 tibi
1683 2778 1751 2801 nw-
