1924 3157
135 179 172 209 0²3
594 172 805 207 sifiiztssxuxi]
844 172 1002 205 PARTIS
1041 170 1178 203 CAPUT
1215 168 1293 202 Lx}

138 247 314 284 omnibus
334 243 499 280 vestibus
523 239 726 287 praedit-iis,
751 250 826 276 non
849 239 912 275 mi-

139 305 210 332 nus
246 302 359 340 quam
394 295 484 327 tunc
512 299 520 324 :
546 298 568 324 3
602 286 738 341 111310Γί
777 297 914 333 nempe

139 340 397 382 multitudine,
423 340 458 372 et
484 336 646 381 longiorl
671 338 856 381 tempore,
879 339 916 371 et

140 389 251 425 modo
287 382 590 427 fraudulentiori,
613 381 703 429 quia
723 382 779 418 isti
812 393 914 427 vere,

141 436 193 472 illi
222 433 327 482 quasi
355 433 526 479 figurate.
554 430 621 466 Illa
652 429 754 466 enim
781 428 916 465 multi—

141 483 224 529 plex
257 479 380 517 illusio
410 489 493 526 quae
513 478 613 514 facta
641 476 712 513 suit
744 476 779 512 ei
812 481 915 521 tunc,

142 531 263 576 figura
279 530 360 564 crat
380 529 417 563 et
435 525 585 572 signum
610 523 799 561 illusionis
817 525 916 560 sutu-

143 588 208 622 rae,
230 586 354 623 quaeia
372 573 501 610 multis
521 572 698 619 impletur
713 582 825 607 nunc.
847 572 917 607 No-

141 624 297 661 tandum
320 621 448 666 etiam,
469 620 569 667 quod
586 619 648 656 ille
668 618 730 666 qui
755 619 809 655 eis
841 618 915 655 uti⁸

141 674 216 716 tur,
241 670 354 707 debet
374 679 418 705 ea
442 668 584 704 habere
606 678 615 703 :
640 667 679 702 in
709 665 915 710 intellectu,

140 729 208 766 per
244 716 550 760 meditationem3
574 715 612 750 in
635 713 832 758 memoria,
851 723 918 759 per

139 764 463 807 recordationem;
487 762 526 798 in
549 762 702 806 affectu,
729 771 798 808 per
815 770 917 796 com-

140 812 370 859 passionem,
392 814 429 848 et
455 821 494 846 se
518 809 676 845 Domino
708 818 776 854 pro
808 818 917 854 posse

142 862 180 897 in
210 863 392 907 apparatu
419 857 669 894 conformare.
692 856 783 892 Cum
816 855 917 890 enim

143 907 286 954 aliquid
324 905 456 942 talium
496 904 644 949 accipit,
681 902 775 938 nihil
816 901 917 937 aliud

144 957 376 1002 protestatur
392 953 490 988 sacto
510 962 589 995 suo,
613 960 724 996 quam
747 948 777 986 si
804 949 917 985 verbo

142 1002 288 1038 diceret
306 1013 313 1036 ε
329 1003 384 1036 Ita
401 999 512 1035 credo
528 998 730 1035 Dominum
748 1000 918 1033 no<trum

144 1049 257 1086 fuisso
276 1048 464 1091 indutum,
480 1049 516 1083 et
530 1045 569 1081 in
593 1044 730 1081 talibus
752 1044 918 1088 illusum,

143 1098 180 1133 in
196 1097 299 1143 cujus
320 1095 471 1141 signum
492 1096 528 1130 et
550 1091 772 1129 memoriam
787 1091 840 1127 sic
861 1091 918 1126 in-

144 1144 216 1181 duo
245 1143 451 1188 meipsum3
473 1144 510 1177 et
530 1143 572 1176 ut
593 1139 633 1175 in
666 1150 726 1176 me
759 1138 920 1175 sentiam

144 1191 244 1237 quod
277 1195 313 1226 et
348 1189 383 1225 in
416 1189 497 1234 ipso
530 1187 675 1224 Christo
709 1189 811 1224 Jesu.
852 1185 921 1230 Qui

148 1250 237 1285 ergo
268 1237 360 1274 talia
389 1236 514 1272 ferunt
535 1234 697 1271 exterius
717 1233 811 1270 nihil
837 1244 920 1269 sen-

145 1285 280 1322 tientes
293 1284 351 1320 vel
364 1282 635 1329 compatientes
650 1281 823 1325 interius,
839 1292 923 1327 pro-

145 1334 242 1370 fecto
270 1331 416 1369 Christo
444 1331 626 1374 illudunt3
649 1328 790 1365 faciunt
821 1328 921 1364 enim

146 1391 187 1417 ac
216 1379 245 1416 si
268 1379 464 1415 dicerent:
492 1376 605 1422 Signo
640 1375 709 1412 tibi
738 1375 921 1422 compati-

148 1438 246 1469 mur,
262 1430 298 1462 ct
311 1429 395 1461 tuas
413 1423 606 1460 illusiones
620 1423 658 1459 in
674 1422 784 1460 nobis
801 1428 921 1459 osten-

146 1474 281 1515 dimus,
298 1473 364 1509 sed
385 1472 423 1508 in
442 1472 546 1507 nullo
564 1469 633 1506 tibi
654 1470 919 1517 compatimur.

145 1543 190 1548 —
209 1520 414 1564 Moraliter,
436 1518 595 1556 amictus
617 1517 749 1565 capitis
769 1517 922 1564 signifi—

147 1572 205 1606 cat
244 1579 363 1616 spem,
400 1577 513 1614 quam
551 1565 690 1602 Paulus
722 1565 922 1612 Apostolus

104 1622 107 1625 ·
145 1620 254 1653 vocat
289 1616 437 1662 galcam
479 1613 631 1658 salutis;
670 1623 754 1659 spes
796 1616 921 1649 autem

143 1661 497 1702 aeternornm‘i'acit‘
519 1664 778 1706 contemptum
798 1663 919 1696 terre-

146 1721 295 1748 norum.
321 1711 413 1747 Cum
441 1719 531 1755 ergo
559 1709 735 1744 sacerdos
759 1719 798 1744 se
824 1708 923 1744 velat

143 1760 297 1802 amictu,
321 1756 486 1794 ostendit
517 1766 556 1792 se
577 1758 730 1792 terrena
751 1758 921 1791 contem-

144 1817 256 1848 nere3
279 1808 315 1841 et
336 1804 367 1841 si
393 1804 446 1840 ita
471 1814 548 1840 non
569 1806 638 1847 est,
666 1803 813 1839 Christo
832 1802 924 1838 illu-

147 1854 212 1890 dit.
234 1853 329 1889 Alba
351 1854 478 1888 autem
498 1851 612 1896 longa
635 1853 671 1886 et
691 1853 767 1886 lata
787 1849 923 1887 mentis

149 1904 186 1938 et
204 1899 372 1946 corporis
389 1898 577 1944 significat
591 1897 801 1934 castitatem
816 1909 823 1942 ;
845 1897 923 1933 cin-

150 1948 279 1994 gulum
298 1957 400 1989 vero,
416 1949 452 1982 et
466 1946 575 1989 stola,
590 1950 627 1981 et
644 1944 872 1991 manipulus,
888 1948 925 1981 et

148 1992 409 2042 hujuscemodi
434 1993 652 2039 ligamenta,
673 1996 863 2039 praecepta
889 1995 925 2028 et

151 2041 321 2086 consilia,
334 2044 371 2077 et
384 2040 604 2086 religionem
627 2043 684 2076 cui
706 2051 746 2076 se
767 2040 923 2086 obligat,

152 2089 215 2136 qui
242 2090 337 2125 tales
363 2088 515 2124 ordines
542 2087 717 2132 assumit;
740 2087 925 2134 obligatos

152 2137 253 2173 enim
271 2147 310 2172 se
330 2136 544 2179 ostendunt,
563 2135 625 2181 qui
641 2135 730 2172 talia
747 2134 923 2171 induunt.

152 2183 287 2220 Casula
304 2183 465 2229 desuper
482 2186 613 2228 tegens
641 2193 706 2229 per
730 2185 863 2222 totum,
890 2186 927 2219 et

150 2230 287 2268 ceteris
304 2231 590 2277 supereminens
609 2230 851 2275 ornamentis,
864 2241 926 2266 ca-

150 2278 301 2315 ritatem
337 2278 538 2323 significat,
579 2288 691 2324 quam
728 2278 927 2324 Apostolus

154 2324 560 2372 supereminentiorem
593 2325 692 2361 viam
730 2329 858 2370 vocat3
891 2327 928 2361 et

154 2372 254 2417 iden,
268 2372 331 2418 qui
350 2383 424 2408 non
446 2371 570 2418 diligit
588 2373 705 2408 Deum
721 2372 927 2418 plusquam

157 2430 238 2464 sua,
259 2419 318 2455 vel
339 2430 439 2458 suos.
459 2419 518 2455 vel
538 2430 590 2464 se,
611 2430 687 2455 non
713 2422 768 2455 est
792 2419 929 2466 dignus

157 2466 224 2503 tali
241 2465 380 2502 officio.
396 2466 506 2502 Mitra
521 2477 609 2503 vero
626 2466 798 2513 Episcopi
816 2467 929 2514 signi-

124 2554 133 2568 ,
155 2514 243 2550 ficat
256 2513 379 2560 ipsum
396 2514 537 2549 habere
553 2513 749 2550 scientiam
767 2514 931 2559 duorum

155 2563 494 2605 Testamentorum,
508 2564 661 2613 propter
676 2561 749 2596 duo
764 2572 926 2606 cornua3

96 2649 103 2657 ,
153 2618 280 2656 quam,
308 2609 474 2654 inquam,
501 2607 696 2644 solentiam
726 2608 837 2645 debet
861 2609 929 2644 ha-

154 2656 259 2700 bere,
280 2665 357 2691 non
376 2658 525 2690 tantum
546 2654 585 2690 in
611 2655 724 2691 corde
742 2666 808 2702 per
828 2655 932 2692 habi-

157 2708 252 2747 tum,
273 2704 338 2738 sed
371 2701 485 2738 etiam
507 2701 546 2737 in
567 2713 633 2738 ore
660 2708 696 2738 et
728 2713 840 2739 manu
865 2714 933 2750 per

161 2761 270 2788 usum
283 2761 292 2794 ;
312 2749 411 2786 unde
425 2751 510 2786 duae
527 2750 665 2796 linguae
680 2750 933 2796 dependentes

156 2809 178 2835 a
217 2797 328 2834 mitra
359 2805 472 2844 super
505 2797 683 2834 humeros
721 2796 934 2843 significant

988 239 1110 286 ipsum
1131 238 1354 285 Episcopum
1376 238 1512 274 debere
1540 239 1678 276 habere
1699 239 1764 276 du-

988 287 1072 334 plex
1090 287 1370 330 documentum,
1385 285 1526 322 scilicet
1539 286 1643 323 verbi
1659 289 1693 322 et
1708 297 1767 322 ex—

990 333 1117 381 empli.
1140 333 1300 369 Baculus
1315 342 1405 369 vero
1420 333 1621 379 pastoralis
1641 333 1677 369 in
1692 343 1769 370 ma-

991 393 1041 418 nu
1062 379 1249 427 significat
1272 382 1548 416 exsecutionem
1568 380 1683 417 officii
1705 391 1768 427 pa-

990 428 1140 472 toralis;
1159 427 1260 474 quod
1280 426 1450 463 consistit
1470 428 1508 463 in
1527 428 1663 472 tribus,
1686 438 1770 473 quae

993 475 1256 522 significantur
1292 484 1361 521 per
1394 474 1582 520 triplicem
1620 477 1768 521 partem

991 522 1114 560 baculi
1140 534 1148 558 :
1168 523 1332 569 primum
1354 524 1410 558 est
1427 521 1574 558 vocatio
1595 526 1770 567 peccato-

992 581 1076 607 rum
1091 582 1099 615 ;
1124 569 1346 613 secundum,
1360 568 1515 605 directio
1529 571 1748 605 vocatorum
1757 580 1769 614 ;

992 618 1145 654 tertium
1183 619 1240 653 est
1275 615 1484 653 exhortatio
1523 615 1767 660 directorum,

993 666 1093 702 unde
1113 668 1171 702 est
1189 674 1322 701 versus
1342 674 1350 700 z

1038 737 1196 774 Attrahe
1218 746 1287 782 per
1316 746 1494 782 primum,
1529 735 1646 771 medio
1673 745 1772 781 reae,

1406 783 1541 829 [punqe
1557 794 1623 829 per
1642 784 1770 819 imum.

994 858 1052 894 Sic
1083 856 1211 901 itaque
1242 853 1359 895 vides,
1393 853 1556 899 qualiter
1588 853 1771 891 Dominus

992 915 1068 941 non
1084 903 1206 939 solum
1223 901 1458 945 malefactor,
1474 901 1538 937 sed
1557 900 1670 937 etiam
1685 901 1774 938 stul-

992 956 1053 988 tus
1080 953 1137 987 est
1166 953 1372 995 reputatus.
1393 950 1474 995 Ipse
1494 950 1622 984 autem
1643 949 1774 986 omnia

992 996 1268 1046 patientissime
1304 996 1504 1032 tolerabat.
1547 995 1772 1032 Patientiam

994 1057 1083 1094 ergo
1111 1045 1254 1081 habeas
1276 1047 1311 1079 et
1331 1047 1384 1088 tu,
1414 1044 1442 1079 si
1470 1043 1692 1080 malefactor
1715 1045 1771 1079 vel

994 1094 1131 1130 stultus
1153 1091 1292 1138 injuste
1308 1089 1422 1126 fueris
1447 1093 1656 1138 reputatus.
1679 1091 1772 1127 Nam

993 1141 1088 1178 sicut
1116 1139 1243 1175 divina
1264 1137 1469 1183 Sapientia,
1494 1144 1687 1184 tamquam
1709 1138 1773 1174 fa-

993 1192 1083 1225 tuus
1100 1186 1290 1234 spernitur
1309 1188 1345 1221 et
1362 1185 1543 1222 irridetur
1562 1187 1608 1222 ab
1626 1185 1772 1222 Herode

995 1241 1032 1273 et
1059 1234 1225 1272 exercitu
1246 1244 1335 1277 suo3
1354 1232 1407 1269 sic
1427 1243 1559 1269 omnes
1578 1232 1772 1269 irrisiones

995 1294 1078 1330 quae·
1102 1282 1226 1319 solent
1245 1292 1267 1317 a
1294 1279 1402 1316 vanis
1429 1281 1564 1316 mundi·
1579 1280 1690 1327 hujus
1708 1281 1773 1317 ho-

994 1330 1161 1367 minibus
1174 1331 1291 1365 Duum
1306 1338 1384 1374 prae
1401 1327 1520 1364 oculis
1541 1339 1617 1364 non
1631 1328 1771 1364 haben-

995 1378 1111 1422 tibus,
1130 1375 1274 1412 homini
1296 1375 1482 1422 spirituali
1503 1375 1678 1423 irrogari,
1698 1375 1772 1412 de—

993 1426 1085 1463 bent
1104 1423 1290 1472 patienter
1304 1422 1466 1459 sufferri.

1047 1476 1088 1509 18
1113 1474 1204 1508 Τ111Α
1232 1481 1445 1507 nocunnxm
1469 1481 1514 1506 Ex
1533 1481 1644 1506 VESTE
1668 1481 1772 1512 ALBA,

997 1532 1068 1562 QcA
1092 1530 1244 1556 munros
1265 1530 1327 1554 Est
1349 1519 1540 1562 Cflmsws,
1563 1529 1671 1554 aeros
1693 1529 1775 1554 con-

996 1579 1234 1604 ronnAnoxis
1254 1578 1295 1602 ET
1317 1577 1460 1602 ORATIO.
1488 1586 1531 1592 —
1553 1566 1603 1601 Ex
1623 1566 1695 1602 hoc
1712 1576 1772 1601 ar-

995 1616 1110 1652 ticulo
1131 1613 1318 1651 illusionis
1339 1616 1537 1650 sumuntur
1556 1612 1629 1648 tria
1648 1612 1772 1649 docu-

996 1668 1136 1699 menta.
1161 1661 1330 1698 Primum
1349 1664 1418 1706 est,
1437 1661 1537 1707 quod
1560 1670 1689 1696 omnes
1710 1659 1775 1706 qui

996 1711 1056 1758 pie
1085 1713 1122 1747 et
1152 1709 1374 1745 innocenter
1395 1708 1526 1744 volunt
1545 1707 1684 1752 vivere,
1706 1718 1773 1744 se-

997 1759 1159 1794 cundum
1181 1766 1318 1793 novum
1338 1755 1547 1800 hominem,
1561 1755 1607 1791 ab
1628 1754 1688 1791 his
1708 1754 1773 1802 qui

995 1805 1124 1842 vivunt
1156 1804 1359 1840 secundum
1386 1802 1578 1839 hominem
1608 1806 1774 1838 veterem

996 1853 1218 1900 illuduntur,
1235 1854 1272 1887 et
1288 1851 1334 1887 ab
1349 1850 1403 1886 eis
1419 1861 1484 1896 pro
1502 1848 1616 1886 fatuis
1633 1850 1774 1886 haben-

997 1903 1072 1937 tur.
1098 1899 1170 1937 Sed
1191 1902 1345 1945 propter
1362 1898 1434 1934 hoc
1450 1908 1526 1934 non
1543 1897 1681 1933 debent
1699 1900 1776 1934 tur-

997 1948 1079 1985 bari
1101 1946 1171 1983 viri
1193 1945 1420 1993 spirituales,
1442 1946 1517 1981 imo
1539 1945 1664 1991 potius
1683 1955 1774 1991 gau-

999 1996 1110 2039 dere3
1133 1995 1220 2040 quia
1241 2004 1359 2029 novus
1385 1993 1499 2029 homo
1521 1992 1692 2029 Salvator
1711 2003 1776 2028 no-

999 2046 1075 2079 ster
1096 2041 1265 2078 Christus
1282 2040 1437 2077 indutus
1457 2040 1544 2076 alba
1560 2045 1675 2084 veste,
1692 2049 1775 2086 quae

997 2088 1252 2126 innocentiam
1291 2087 1546 2133 significabat,
1579 2086 1709 2124 illusus
1741 2089 1778 2123 et

999 2136 1148 2174 derisus
1168 2140 1223 2173 est
1242 2147 1264 2173 a
1283 2136 1372 2172 filiis
1385 2135 1506 2182 'hujus
1527 2134 1657 2180 seculi,
1678 2134 1777 2181 apud

1000 2195 1095 2231 quos
1110 2184 1195 2220 alba
1208 2185 1323 2220 vestis
1341 2181 1612 2229 exprobrabilis
1624 2185 1691 2218 est.
1704 2181 1777 2218 Sed

1001 2232 1098 2269 sicut
1124 2242 1227 2275 crux,
1257 2234 1342 2267 ante
1371 2229 1589 2267 Passionem
1625 2228 1777 2273 Christi,

1001 2278 1274 2326 exprobrabilis
1287 2278 1423 2323 fuerat,
1442 2288 1527 2324 quae
1539 2280 1671 2323 postea
1681 2277 1779 2314 facta

1000 2332 1058 2364 est
1077 2325 1324 2371 honorabilis,
1344 2325 1396 2362 ita
1416 2328 1456 2361 ut
1475 2325 1588 2361 etiam
1607 2327 1779 2371 portetur

1001 2376 1040 2410 in
1066 2373 1253 2410 frontibus
1280 2377 1437 2420 regum;
1469 2372 1521 2408 sic
1546 2373 1633 2409 alba
1663 2372 1778 2408 vestis

1001 2425 1085 2468 post
1099 2420 1236 2458 Christi
1253 2420 1472 2457 Passionem
1485 2420 1584 2456 facta
1599 2423 1657 2456 est
1668 2419 1777 2455 valde

1001 2467 1248 2512 honorabilis,
1278 2470 1314 2504 et
1350 2466 1577 2504 innocentiae
1614 2466 1776 2514 signum.

1002 2517 1107 2553 Unde
1126 2514 1284 2561 quilibet
1302 2519 1386 2560 post
1404 2515 1637 2561 Baptismum
1656 2523 1778 2551 reno—

1002 2567 1111 2599 vatus
1130 2563 1299 2599 induitur
1317 2566 1420 2599 veste
1440 2562 1541 2607 alba,
1564 2561 1603 2597 in
1629 2560 1777 2608 signum

999 2610 1230 2646 innocentiae
1251 2620 1364 2656 quam
1384 2609 1528 2647 confert
1550 2607 1776 2655 Baptismus,

1003 2657 1043 2693 in
1063 2657 1170 2703 cujus
1191 2657 1303 2694 etiam
1326 2657 1474 2704 signum
1501 2657 1647 2694 Christo
1666 2665 1778 2702 passo

1004 2704 1135 2750 Angeli
1167 2705 1205 2741 in
1230 2705 1460 2741 vestimentis
1476 2703 1572 2741 albis
1592 2713 1780 2750 apparue-

1007 2756 1094 2787 runt
1104 2751 1140 2787 in
1155 2752 1235 2798 ejus
1250 2752 1535 2789 Resurrectione
1549 2753 1587 2787 et
1605 2749 1780 2787 similiter

1006 2797 1043 2834 in
1065 2799 1146 2846 eJus
1162 2799 1403 2837 Ascensione.
1421 2819 1463 2826 -—
1481 2797 1694 2836 Secundum
1710 2797 1778 2834 do-
