1924 3157
390 121 444 156 DE
479 123 755 159 ASCENSIONE
795 123 955 159 DOMINI
992 123 1154 159 NOSTRI
1189 124 1296 159 JESU
1333 123 1528 160 CHRISTl.
1717 128 1775 162 251

139 192 236 228 omni
251 191 393 237 Judaea‚
414 195 447 229 et
468 197 597 240 postea
618 195 658 231 in
677 195 862 240 Samaria,
884 199 918 232 et

136 239 290 277 tandem
308 251 422 286 usqae
445 242 495 277 ad
518 243 688 278 ultimum
718 247 832 279 terrae.
867 245 916 280 Ac

133 287 163 324 si
182 288 296 324 tacite
316 287 457 326 diecret
477 301 485 326 ε
506 290 601 326 Ante
617 290 721 337 regni
742 291 838 326 illius
855 302 913 327 re-

134 334 368 372 stitutionem
396 348 468 373 non
491 337 910 385 solumserosolyniam,

133 382 198 418 sed
215 386 251 418 et
265 394 396 420 omnes
411 384 505 420 sines
520 386 662 422 Juuaeae
681 391 717 422 et
735 388 913 424 Samariae

131 439 174 466 ac
195 429 309 468 etiam
330 432 458 468 mundi
482 435 664 469 terminos
687 444 752 480 per
778 433 910 470 circui·
952 464 956 474 .

130 480 208 514 tum
231 479 420 525 Evangelii
449 482 548 517 tama
563 486 770 527 percurret.
787 482 910 519 Primo

128 525 314 572 siquidem
330 528 574 573 praedicatum
592 533 650 565 est
667 529 911 575 Evangelium

132 571 168 609 in
187 575 414 617 Jerusalem;
438 575 504 611 sed
525 583 680 623 propter
706 577 909 623 lapidatio-

130 631 214 657 nem
240 621 433 668 Stephani,
459 628 572 669 atque
598 626 755 660 mortem
779 624 909 662 Jacolii

128 668 253 715 gladio
272 669 398 711 occisi.
422 673 562 717 egressi
584 675 668 708 sunt
693 671 739 708 de
759 671 909 709 Jerus’i-

128 718 215 760 lem,
237 717 490 764 praedicantes
518 718 555 754 in
575 718 714 756 sinibus
734 720 879 756 Judaeae
898 732 905 765 ;

127 769 257 810 postea
284 764 517 802 transierunt
543 772 590 803 ait
619 767 905 813 Samaritauos;

125 814 161 848 et
178 811 266 848 inde
289 818 554 859 processerunt
571 825 639 861 per
659 815 841 852 mundum.
860 817 905 852 ad

125 858 234 896 alios.
259 860 327 897 Ubi
345 862 605 906 Augustinus:
631 874 649 896 «
673 863 751 906 Quo
780 867 904 900 autem

124 912 233 954 parto
255 908 302 944 ab
319 909 575 955 Apostoliscst
591 910 812 956 praetlicntio
836 913 906 948 ista

123 955 324 1002 completa,
347 958 498 1003 quando
519 957 643 994 adhuc
673 969 792 1004 usque
819 963 905 995 sunt

123 1007 255 1048 gentes
275 1003 314 1040 in
335 1004 472 1050 quibus
487 1008 598 1042 moslo
619 1006 788 1053 coeperit,
815 1006 903 1043 etiii

121 1050 258 1096 quibus
293 1052 463 1089 nondum
503 1052 684 1099 inceperit
726 1054 906 1100 impleri?

120 1098 201 1135 Non
223 1098 354 1145 utique
374 1100 444 1136 huc
458 1099 510 1136 sic
530 1111 552 1137 a
570 1101 729 1137 Domino
750 1103 904 1138 manda-

120 1148 201 1182 tum
220 1149 276 1183 est
295 1147 498 1193 Apostolis,
525 1152 719 1195 tamquam
742 1149 812 1196 ip‚-i
834 1149 902 1186 suli

123 1193 261 1241 quibus
282 1199 372 1231 tunc
400 1195 624 1242 loquebatur
649 1200 796 1234 tantum
820 1209 903 1234 mu-

122 1251 191 1278 nus
219 1242 362 1279 suerint
394 1243 587 1290 impleturi
608 1256 616 1287 ;
639 1245 705 1281 sed
734 1245 831 1281 sicut,
850 1245 902 1282 eis

123 1288 212 1326 solis
227 1290 375 1327 videtur
394 1290 532 1328 dixisse
555 1303 562 1328 ε
585 1294 676 1329 Ecce
695 1304 756 1336 eqo
782 1295 902 1330 vobis-

120 1347 201 1374 cum
233 1348 314 1375 sam
346 1349 459 1384 usque
485 1340 535 1375 ad
562 1344 903 1378 consummationem

121 1387 249 1430 seculi,
285 1388 384 1434 quod
427 1391 554 1424 tamen
593 1398 678 1425 eum
714 1388 903 1426 universae

122 1433 298 1471 Ecclesia:
318 1434 554 1481 promisisse,
577 1446 661 1481 quse
682 1436 766 1473 aliis
786 1437 902 1473 mori-

120 1481 285 1526 entibus,
313 1482 396 1519 aliis
426 1484 672 1521 nascentibus
707 1485 765 1521 hic
785 1496 903 1531 usque

120 1527 160 1565 in
190 1529 308 1567 seculi
330 1531 658 1568 consummatione
681 1532 807 1568 sutura
831 1537 901 1578 cst,

121 1576 207 1623 quis
229 1588 304 1614 non
327 1578 543 1625 intelligat?
568 1593 586 1611 n
615 1580 696 1616 haec
720 1581 901 1625 Augusti-

119 1634 201 1661 nus.
223 1626 265 1661 Et
284 1628 373 1672 quia
393 1627 651 1671 Evangelium,
669 1629 791 1674 primo
812 1640 902 1674 prse-

119 1671 283 1710 dicatum
311 1678 368 1710 est
397 1673 432 1710 in
463 1675 697 1719 Jerusalem;
733 1674 820 1712 iude
845 1681 901 1712 est

119 1722 231 1766 quod,
255 1721 383 1758 audita
402 1722 709 1768 pronuntiatione
731 1724 899 1769 Evange-

119 1767 172 1811 lii,
187 1768 368 1805 vertimur
381 1769 428 1805 ad
440 1769 645 1808 Orientem
661 1770 768 1817 quasi
782 1772 829 1808 ad
844 1773 900 1808 Je-

117 1816 295 1861 rusalem,
315 1816 456 1862 gratias
482 1821 639 1863 agentes
660 1823 696 1855 et
717 1818 897 1856 dicentes:

119 1864 245 1902 Gloria
269 1865 350 1909 tibi,
373 1867 551 1901 Domine:
572 1865 660 1912 quia
689 1866 775 1903 inde
801 1867 900 1904 venit

118 1911 166 1948 ad
191 1922 260 1949 nos
295 1912 554 1959 Evangelium.
576 1914 680 1950 Unde
717 1914 898 1961 scriptum

117 1962 205 1997 est:
229 1962 279 1996 De
313 1961 402 1997 Sion
438 1962 555 1998 eoeibit
592 1963 664 2006 lem,
686 1966 719 1998 ec
753 1964 899 1999 verbum

117 2009 264 2044 Domini
284 2009 328 2044 de
349 2010 562 2044 Jerusalem.
586 2010 692 2046 Unde
712 2015 748 2046 et
773 2012 898 2056 Auga-

117 2057 237 2092 stinns
257 2068 267 2091 .·
287 2068 304 2090 «
327 2056 448 2102 Coepit
465 2056 563 2093 enim
590 2059 755 2094 Ecclesia
772 2059 818 2095 ab
841 2061 899 2095 Je-

118 2103 282 2140 rusalem
308 2103 378 2140 ista
403 2110 568 2148 terrena,
595 2108 634 2141 ut
664 2106 826 2152 gaudeat
858 2106 897 2143 in

118 2152 194 2188 Dco
214 2151 251 2187 in
276 2151 562 2188 illaJerusalem
578 2152 717 2190 coelesti
736 2165 744 2197 ;
762 2156 807 2190 ab
827 2155 898 2191 hac

116 2198 218 2235 enim
253 2198 398 2246 incipit,
423 2200 470 2236 ad
500 2199 604 2236 illam
637 2201 827 2239 terminat.
857 2205 897 2238 ln

115 2246 182 2284 illa
216 2250 296 2283 tota
330 2247 492 2284 Ecclesia
523 2248 606 2293 erit,
628 2249 674 2285 ab
700 2251 770 2287 ista
790 2261 897 2287 exor-

116 2293 220 2331 dium
248 2294 335 2331 ssdei
363 2295 550 2341 sumpsit:
577 2309 594 2329 »
620 2297 702 2334 haec
721 2299 898 2342 Auyasti-

115 2353 196 2378 nus.
221 2343 290 2379 Sed
316 2344 430 2380 verba
447 2344 637 2390 Evangelii
662 2345 788 2382 Levita
806 2357 899 2392 prze-

116 2389 378 2435 nunciaturus,
407 2393 517 2428 vertit
544 2393 677 2429 l'aciem
697 2397 829 2430 contra
849 2396 897 2431 A·

115 2438 322 2521 zmilonem,
348 2442 388 2474 ut
423 2442 596 2477 ostendat
635 2442 791 2478 verbum
831 2441 895 2478 Dei

143 2485 226 2531 irigi
260 2491 393 2523 contra
427 2498 527 2531 eum,
550 2487 612 2532 uui
647 2499 713 2535 per
743 2490 897 2535 Aquilo-

117 2543 206 2569 nem
237 2533 474 2580 d··signatur‚
500 2535 642 2572 scilicet
665 2541 797 2573 contra
824 2538 899 2573 dia-

116 2581 259 2626 bolum,
292 2581 353 2628 qui
392 2582 540 2619 dicebat
578 2583 615 2619 in
656 2584 768 2620 corde
796 2596 895 2621 suo:

115 2629 252 2665 Sedebo
290 2632 326 2664 in
354 2631 531 2666 lateribus
551 2632 763 2677 Aquilonis.
785 2637 817 2668 et
840 2644 896 2668 ero

115 2678 250 2713 similis
267 2678 475 2714 Altissimo.

163 2727 183 2760 8
207 2726 423 2762 Bexeniciio
449 2727 580 2762 Domui
603 2727 804 2764 Aposwoms
826 2740 894 2765 DA-

115 2782 172 2809 τΑ.
210 2793 251 2798 -
296 2775 341 2809 Et
380 2777 554 2810 Dominus
594 2775 739 2820 quidem
777 2778 894 2817 Jesus,

990 196 1186 241 postquam
1208 195 1348 231 locutus
1367 197 1420 231 est
1437 195 1503 240 eis,
1521 204 1604 242 quae
1624 195 1672 231 ad
1692 206 1774 233 eru-

992 241 1174 278 ditionem
1196 253 1272 278 suae
1291 242 1532 289 pertinebant
1550 243 1776 280 consolatio-

989 288 1063 333 nis,
1090 300 1399 336 unumquemuue
1433 290 1622 327 osculatus
1646 295 1701 327 est
1733 291 1773 328 in

989 336 1122 373 intimo
1140 347 1269 373 amore
1292 338 1431 381 cordis,
1452 338 1773 384 quia,srcundurn

988 385 1239 425 Ambrosiam,
1260 385 1449 430 Apostolis
1472 385 1621 432 reliquit
1641 387 1773 423 oscula

987 431 1091 479 pacis
1109 443 1117 476 ;
1138 431 1274 468 deinde
1304 433 1519 470 valedicens
1541 433 1629 478 illis,
1650 435 1769 471 eleva-

987 482 1037 515 tis
1069 481 1253 520 manibus,
1277 483 1317 515 ut
1344 491 1432 516 suos
1467 480 1567 516 Patri
1602 481 1772 527 offerret,

988 528 1176 563 benedioeic
1206 529 1271 572 eis,
1297 527 1439 564 scilicet
1470 529 1568 564 bona
1590 530 1769 576 optando,

986 574 1256 621 promittendo,
1279 575 1523 619 conferendo,
1549 581 1585 611 ut
1607 587 1670 612 eos
1685 588 1770 613 con-

985 626 1044 659 tra
1065 624 1212 659 hostem
1236 622 1412 668 muniret,
1429 627 1463 659 et
1483 623 1591 659 bouis
1613 624 1772 661 coelcsti-

982 670 1236 716 busziugeret.
1254 672 1294 706 Et
1308 671 1419 716 forto,
1435 674 1473 705 ut
1488 671 1577 706 dicit
1594 674 1770 718 Theophi-

985 719 1053 762 lus,
1078 717 1115 754 in
1137 719 1207 754 hac
1229 717 1495 754 benedictione
1516 718 1590 754 vim
1615 730 1766 756 conser-

986 765 1147 802 vativam
1169 765 1222 801 cis
1250 764 1402 801 inlluxit
1428 765 1624 810 Dominus,
1651 778 1768 813 usque

982 813 1030 850 ad
1052 813 1214 860 Spiritus
1233 812 1361 850 Sancti
1383 814 1600 849 adventum.
1620 815 1668 850 Ex
1689 814 1769 851 loco

981 860 1053 897 isto
1077 860 1180 897 <luxit
1200 859 1416 897 Ecclesiain
1437 861 1779 907 consuetudinem,

983 909 1082 955 quod
1103 908 1275 955 Episcopi
1300 908 1337 944 in
1359 908 1434 944 tine
1454 908 1578 945 missae
1599 909 1690 945 dent
1709 911 1769 946 be-

983 956 1250 992 nedictionem.
1278 956 1347 993 Ubi
1383 956 1556 1001 Origsenes
1582 969 1592 992 :
1626 958 1769 1001 «Quod

980 1005 1282 1048 auten1,etecatts
1299 1004 1483 1045 manibus,
1498 1005 1686 1040 benedi-ric
1699 1008 1764 1047 eis,

979 1051 1169 1097 significat
1187 1052 1287 1098 quod
1312 1051 1445 1088 deceat
1474 1052 1764 1089 benedicentem

980 1110 1155 1146 cuiquam
1180 1103 1357 1135 ornatum
1383 1109 1464 1136 esse
1499 1099 1612 1136 variis
1635 1101 1765 1146 operi-

978 1147 1048 1183 bus
1074 1153 1111 1183 et
1132 1147 1274 1191 arduis,
1301 1151 1474 1193 respectu
1504 1147 1686 1191 aliorum,·
1711 1148 1763 1184 sic

978 1194 1078 1231 enim
1115 1205 1247 1231 manus
1282 1194 1466 1230 tolluntur
1492 1194 1531 1230 in
1563 1195 1680 1231 altum
1711 1207 1718 1232 z
1743 1210 1759 1228 »

977 1242 1058 1278 haee
1079 1242 1264 1287 Ora-senes.
1287 1243 1328 1278 ln
1348 1252 1500 1278 reccssu
1513 1253 1579 1278 suo
1602 1243 1761 1280 benedi·

976 1291 1029 1326 xit
1044 1289 1214 1327 Christus
1234 1289 1440 1337 discipulis,
1464 1290 1559 1326 sicut
1580 1295 1688 1337 pater
1709 1302 1764 1328 re-

977 1338 1114 1374 cedens
1141 1348 1164 1374 a
1194 1337 1282 1374 tiliis
1305 1337 1497 1374 benedicit
1519 1337 1599 1383 eis;
1624 1343 1659 1374 ct
1693 1340 1762 1376 hoc

977 1386 1062 1422 serit
1085 1397 1092 1421 :
1119 1385 1239 1431 primo
1259 1389 1415 1433 propter
1434 1386 1617 1432 maj0rem
1631 1397 1761 1423 eorum

979 1433 1379 1479 necessitaten1.juxta
1398 1432 1488 1470 illud
1508 1445 1516 1469 ε
1541 1436 1628 1470 Cam
1651 1445 1762 1472 essem

978 1492 1057 1517 cum
1075 1484 1138 1525 eis,
1163 1492 1226 1526 eyn
1246 1482 1436 1517 servabam
1463 1491 1520 1517 eos
1547 1483 1585 1517 in
1618 1485 1763 1519 nomine

977 1533 1051 1574 tao,
1076 1529 1136 1565 ubi
1158 1529 1253 1576 petit
1274 1539 1339 1565 cos
1377 1532 1458 1574 post
1490 1539 1682 1566 recessum
1704 1541 1764 1567 su-

975 1587 1038 1612 um
1067 1576 1209 1613 servari
1237 1588 1259 1612 a
1287 1576 1404 1621 malo;
1427 1577 1606 1622 secundO,
1629 1579 1676 1614 ad
1699 1589 1760 1615 os-

976 1624 1208 1661 tendendum
1224 1624 1379 1660 finalem
1395 1629 1431 1661 et
1449 1630 1759 1671 perseverantem

976 1682 1067 1718 erga
1088 1683 1175 1709 suos
1196 1682 1304 1708 suam
1323 1672 1695 1719 dilectionem,juxta
1713 1674 1760 1710 il-

977 1721 1040 1756 lud
1060 1731 1068 1756 :
1091 1722 1178 1757 Cam
1199 1721 1391 1756 dilexisset
1410 1731 1493 1756 suos
1515 1724 1579 1766 qui
1599 1726 1702 1757 erant
1721 1724 1760 1758 in

975 1768 1124 1808 mundo,
1143 1769 1183 1803 in
1201 1770 1307 1813 finem
1329 1769 1464 1804 dileaeit
1485 1779 1553 1804 eos.
1579 1769 1758 1805 Instruxit

975 1814 1089 1851 etiam
1107 1825 1175 1862 per
1193 1817 1264 1852 boc
1284 1815 1500 1861 superiores
1521 1815 1559 1852 in
1576 1816 1754 1861 Ecclesia,

975 1867 1014 1899 ut
1050 1864 1273 1900 recedentes
1309 1874 1331 1900 a
1359 1863 1532 1909 subditis,
1556 1865 1759 1901 benedicti-

975 1910 1111 1948 onibus
1132 1921 1196 1947 eos
1218 1913 1294 1948 Deo
1317 1912 1598 1948 commendent.

1022 1975 1041 2006 9
1063 1960 1241 2002 Quouooo
1259 1971 1304 1996 An
1320 1970 1446 1995 cOELuii
1459 1971 1630 1996 asemon·
1646 1960 1754 1996 Ceni-

975 2018 1074 2051 STus,
1094 2019 1137 2042 ET
1164 2019 1232 2044 cua
1269 2009 1310 2043 Β.
1334 2009 1457 2044 Mania
1477 2009 1590 2044 V1RG0
1618 2019 1690 2044 Nox
1711 2020 1758 2044 si-

974 2066 1046 2091 nui„
1065 2067 1250 2092 ASSUMPTA
1271 2067 1398 2093 runnu*
1413 2058 1430 2092 ἱ)
1450 2077 1496 2082 -
1518 2058 1565 2092 Et
1585 2067 1666 2093 cum
1686 2058 1758 2094 ltaec

973 2103 1145 2144 dixisset,
1162 2103 1298 2149 hisque
1316 2103 1448 2149 linitis,
1467 2106 1615 2140 recessit
1629 2105 1674 2140 ab
1689 2107 1754 2150 eis,

974 2155 1007 2186 et
1033 2152 1080 2187 ad
1114 2151 1307 2188 Orientem
1328 2162 1442 2198 versa
1470 2152 1579 2197 facie,
1603 2156 1642 2188 ut
1664 2151 1756 2188 dicit

971 2201 1230 2244 Damascenas,
1254 2199 1756 2245 coepitsuapropriavirtute

972 2257 1051 2283 non
1078 2246 1205 2283 aliena
1235 2247 1376 2283 elevari
1404 2248 1451 2283 ab
1473 2247 1540 2291 eis,
1565 2251 1602 2282 et
1621 2258 1756 2284 ascen-

972 2294 1076 2338 dere,
1088 2295 1295 2330 videntibus
1308 2297 1385 2330 illis
1401 2305 1497 2340 quos
1513 2294 1655 2331 scilicet
1672 2299 1755 2332 tan-

973 2346 1011 2378 ta
1034 2342 1176 2378 visione
1198 2342 1441 2389 dignabatur,
1465 2348 1501 2378 et
1517 2343 1678 2379 videndo
1694 2344 1754 2380 de-

973 2390 1211 2434 ducentibus,
1254 2396 1291 2426 ut
1335 2389 1478 2426 scilicet
1521 2391 1753 2428 desiderium

973 2437 1149 2474 veniendi
1172 2439 1219 2474 ad
1241 2436 1362 2484 ip>u1n
1379 2438 1414 2473 in
1430 2437 1484 2473 eis
1503 2437 1750 2484 excitaretur;

973 2491 1010 2521 et
1051 2486 1329 2532 triumphaliter
1369 2485 1521 2532 proprio
1559 2491 1660 2522 motu
1688 2498 1755 2533 per

972 2534 1098 2569 dotem
1119 2533 1314 2579 agilitatis,
1336 2535 1374 2569 ιή
1390 2538 1515 2569 ctutum
1531 2544 1753 2580 supremum

973 2582 1073 2617 uude
1099 2586 1251 2617 venerat
1271 2583 1472 2625 ferebatur.
1511 2583 1612 2617 'func
1634 2583 1753 2618 Mater

972 2632 1007 2664 et
1028 2639 1160 2664 omncs
1177 2629 1240 2665 alii
1260 2629 1488 2676 aspicientes
1511 2640 1597 2665 euin
1615 2630 1654 2665 iu
1678 2641 1753 2666 coe-

972 2677 1048 2712 lum
1079 2676 1232 2721 elevari,
1270 2677 1515 2723 prociderunt
1550 2677 1753 2714 interram

971 2725 1202 2769 adorantes3
1232 2730 1270 2760 et
1291 2730 1445 2771 propter
1467 2725 1674 2760 discessum
1698 2725 1750 2762 la-

971 2783 1119 2819 crymas
1137 2772 1330 2809 continere
1352 2783 1426 2809 uon
1443 2776 1633 2818 poterant,
1654 2774 1752 2809 mul-
