1924 3157
162 195 223 230 314

164 312 274 360 quasi
289 310 487 360 Jubilando
506 310 559 349 sic
584 310 676 349 dicit
693 322 703 349 ι

255 418 346 454 Jesu
365 416 484 453 dulcis
504 414 704 461 memoria,

208 465 309 501 Dans
330 475 417 500 vera
436 463 560 500 cordis
580 463 717 511 gaudia
734 475 742 509 ;

208 511 281 548 Sed
299 521 412 558 super
435 511 508 547 mel
526 514 563 547 et
580 510 722 557 omnia,

207 559 295 606 EJus
315 558 435 595 dulcis
459 558 675 606 praesentia.

251 629 350 667 Nihil
373 630 520 667 canitur
538 631 705 676 suavius,

203 677 261 714 Nil
286 677 438 715 auditur
452 678 670 725 jucundius,

205 725 262 761 Nil
279 725 466 772 cogitatur
483 726 644 771 dulcius,

204 773 325 817 Quam
342 774 362 810 J
367 783 451 809 esus
469 772 538 810 Dei
556 773 685 811 Filius.

250 843 355 887 Jesu,
378 852 462 888 spes
483 842 772 889 poenitentibUS,

203 888 322 932 Quam
340 888 423 935 pius
442 900 481 925 es
503 889 729 935 petentibus,

202 935 321 978 Quam
332 935 456 972 bonus
471 939 509 973 te
526 937 796 985 quaerentibus,

204 983 277 1020 Sed
294 982 384 1029 quid
401 983 683 1021 invenientibus
697 984 715 1020 ἰ)

248 1053 350 1097 Jesu,
371 1053 529 1090 dulcedo
557 1053 742 1099 cordium,

203 1100 299 1136 Fons
321 1101 441 1142 vivus,
464 1100 592 1137 lumen
616 1103 816 1147 mentium,

202 1146 358 1184 Excedis
378 1158 490 1184 omne
504 1148 698 1195 gaudium,

202 1194 246 1231 Et
260 1205 374 1232 omne
394 1195 637 1233 desiderium.

249 1266 324 1302 Nec
343 1266 472 1312 lingua
493 1268 591 1304 valet
610 1268 748 1314 dicere,

202 1313 277 1348 Nec
295 1313 422 1350 littera
442 1314 674 1361 exprimere;

203 1360 384 1405 Expertus
405 1365 528 1407 potest
552 1363 719 1408 credere,

204 1407 299 1451 Quid
319 1407 367 1443 sit
384 1409 510 1444 Jesum
528 1408 699 1456 diligere.

247 1479 375 1515 Jesum
395 1489 562 1525 quaeram
579 1481 618 1517 in
639 1482 788 1529 lectulo,

202 1525 335 1562 Clauso
357 1527 481 1564 cordis
502 1528 686 1576 cubiculo,

202 1571 383 1610 Privatim
403 1579 439 1610 et
456 1574 495 1611 in
516 1576 690 1624 publico3

200 1620 374 1664 Quaeram
399 1632 529 1660 amore
551 1624 694 1661 scdulo.

249 1691 343 1728 Cum
355 1693 486 1734 Maria,
501 1694 679 1741 diluculo,

200 1740 331 1775 Jesum
351 1751 520 1786 quaeram
540 1742 578 1777 in
598 1743 758 1789 tumulo,

199 1785 371 1824 Clamore
392 1788 516 1824 cordis
537 1791 694 1835 querulo

196 1835 318 1870 Mente
335 1845 516 1882 quaeram,
535 1847 613 1873 non
630 1838 750 1875 oculo.

246 1906 428 1942 Tumbam
447 1907 671 1953 perfundam
696 1910 856 1957 fletibus,

200 1952 337 1988 Locum
361 1955 510 2000 replens
528 1955 750 2002 gemitibus3

194 2001 283 2035 Jesu
302 2001 501 2045 provolvar
515 2003 689 2048 pedihus,

198 2046 345 2084 Strictis
370 2049 518 2085 haerens
538 2051 783 2096 amplexibus.

240 2118 341 2162 Jesu,
363 2119 439 2154 Rex
457 2119 705 2166 admirabilis,

193 2165 239 2200 Et
254 2164 508 2212 triumphator
526 2167 677 2214 nobilis,

194 2211 358 2249 Dulcedo
379 2213 598 2259 ineffabilis,

193 2259 306 2296 Totus
327 2260 609 2298 desiderabilis!

238 2328 348 2363 Mane
364 2327 574 2374 nobiscum,
596 2328 768 2376 Domine,

190 2374 235 2409 Et
256 2385 324 2411 nos
350 2375 495 2413 illustra
516 2377 673 2423 lumine,

191 2421 304 2458 Pulsa
323 2425 460 2460 mentis
486 2424 661 2470 caligine,

191 2469 370 2507 Mundum
385 2471 535 2518 replens
550 2472 765 2511 dulcedine.

237 2539 392 2583 Quando
415 2552 478 2578 cor
502 2547 672 2581 nostrum
692 2544 834 2592 visitas,

189 2587 291 2622 Tunc
308 2587 407 2624 lucet
424 2588 457 2624 ei
478 2590 617 2628 veritas
634 2605 643 2637 ;

188 2633 314 2670 Mundi
331 2634 477 2671 vilescit
497 2638 641 2675 vanitas
657 2651 664 2683 3

187 2681 231 2717 Et
249 2680 352 2718 intus
371 2682 489 2720 fervet
507 2687 655 2722 caritas.

233 2751 347 2788 Amor
364 2754 383 2789 J
389 2763 454 2790 esu
473 2754 728 2805 dulcissimus,

188 2800 232 2835 Et
249 2809 336 2837 vere
357 2800 613 2847 suavissimus,

581 195 790 231 SECUNDAE
827 194 988 232 PAR'rls
1027 189 1163 226 CAPUT
1199 187 1390 223 LXXXIX

161 265 264 302 mine
299 266 407 310 Jesu,
445 263 546 301 idem
585 265 818 314 Bernardus,
849 263 941 303 alibi

1066 260 1152 297 Plus
1165 257 1302 294 millies
1323 257 1572 306 gratissimus,

1065 308 1184 352 Quam
1201 305 1328 342 dicere
1347 305 1568 343 sufficimus.

1111 378 1189 413 Hoc
1209 376 1342 422 probat
1362 377 1442 422 ejus
1460 377 1606 428 pafisio3

1064 426 1141 461 Hoc
1156 423 1347 470 sanguinis
1363 424 1513 466 effusio,

1067 473 1138 508 Per
1157 481 1271 517 quam
1288 470 1397 507 nobis
1415 471 1624 518 redemptio

1064 520 1194 564 Datur,
1211 522 1248 554 et
1265 519 1333 554 Dei
1354 517 1461 554 visio.

1108 591 1128 626 J
1132 599 1237 625 esum
1254 599 1384 626 omnes
1397 589 1606 635 agnoscite,

1060 638 1237 673 Amorem
1265 637 1345 683 ejus
1369 636 1536 682 poscite;

1059 686 1189 721 Jesum
1208 684 1386 721 ardenter
1405 685 1576 730 quaerite,

1062 732 1269 776 Quaerendo
1288 731 1529 768 inardescite.

1107 800 1168 838 Sic
1188 803 1378 837 amantem
1396 801 1555 847 diligite,

1056 847 1206 884 Amoris
1223 848 1344 884 vicem
1363 848 1530 893 reddite;

1057 896 1100 931 In
1120 896 1221 932 hunc
1244 895 1401 931 odorem
1419 895 1574 941 currite,

1057 943 1102 978 Et
1120 945 1208 979 vota
1225 943 1323 979 votis
1344 942 1505 980 reddite.

1103 1014 1124 1050 J
1127 1022 1206 1058 esu,
1224 1015 1356 1050 auctor
1373 1011 1596 1060 clementiae,

1058 1060 1186 1096 Totius
1203 1071 1287 1107 spes
1306 1060 1462 1106 laetitiae,

1058 1108 1229 1144 Dulcoris
1255 1108 1339 1144 fons
1358 1112 1396 1145 et
1412 1107 1546 1154 gratiae

1057 1156 1165 1192 Verae
1186 1155 1310 1192 cordis
1328 1156 1486 1193 deliciae.

1101 1220 1191 1256 Jesu
1209 1219 1260 1255 mi
1279 1219 1392 1264 bone,
1413 1219 1572 1256 sentiam

1054 1267 1122 1302 Tui
1142 1266 1305 1303 dulcoris
1322 1266 1487 1313 copiam3

1055 1314 1109 1350 Da
1125 1313 1218 1349 mihi
1238 1325 1306 1360 per
1326 1315 1567 1359 praesentiam

1055 1362 1185 1407 Tuam,
1202 1361 1329 1398 videre
1350 1361 1524 1408 gloriam.

1103 1425 1196 1461 Cum
1209 1425 1320 1472 digne
1334 1425 1439 1473 loqui
1457 1436 1644 1473 nequeam

1055 1473 1108 1508 De
1127 1478 1177 1517 te,
1202 1476 1331 1509 tamen
1349 1484 1425 1510 non
1447 1474 1600 1519 sileam;

1053 1521 1169 1556 Amor
1185 1520 1275 1557 facit
1290 1526 1330 1557 ut
1349 1521 1524 1563 audeam,

1056 1567 1150 1604 Cum
1173 1567 1219 1604 de
1245 1572 1278 1604 te
1298 1569 1377 1605 solo
1397 1569 1597 1615 gaudeam,

1101 1633 1194 1677 Tua,
1213 1634 1315 1678 Jesu,
1337 1632 1501 1678 dilectio,

1055 1679 1169 1716 Grata
1189 1680 1325 1716 mentis
1348 1680 1519 1726 refectio,

1052 1728 1216 1773 Replens
1235 1727 1316 1764 sine
1337 1728 1501 1770 fastidio,

1052 1775 1153 1811 Dans
1177 1775 1317 1811 famem
1335 1775 1538 1812 desiderIO.

1100 1838 1168 1882 Qui
1186 1843 1224 1875 te
1240 1842 1405 1885 gustant,
1428 1840 1611 1882 esuriunt,

1053 1886 1122 1929 Qui
1142 1886 1288 1931 bibunt,
1311 1887 1433 1923 adhuc
1453 1886 1604 1931 sitiunt3

1051 1932 1276 1970 Desiderare
1296 1934 1479 1977 nesciunt,

1049 1980 1126 2017 Nisi
1143 1983 1288 2027 Jesum,
1310 1992 1422 2028 quem
1443 1981 1615 2028 diligunt.

1096 2046 1214 2090 Quem
1235 2051 1321 2083 tuus
1342 2058 1448 2083 amor
1468 2048 1603 2092 ebriat,

1046 2093 1154 2129 Novit
1175 2094 1264 2139 quid
1284 2096 1391 2131 Jesus
1412 2094 1545 2141 sapiat.

1046 2141 1163 2184 Quam
1186 2141 1272 2177 felix
1294 2145 1350 2178 est
1376 2153 1489 2188 quem
1510 2141 1634 2187 satiat,

1045 2189 1126 2224 Non
1144 2191 1198 2224 est
1219 2189 1438 2236 ultraquod
1459 2189 1610 2236 cupiat!

1090 2255 1194 2298 Jesu,
1208 2254 1322 2290 decus
1337 2254 1564 2301 angelicum,

1045 2302 1086 2336 In
1103 2311 1195 2337 aure
1213 2302 1321 2338 dulce
1339 2302 1540 2348 canticum,

1044 2349 1087 2383 In
1107 2359 1171 2384 ore
1191 2350 1264 2384 mel
1283 2348 1500 2394 mirificum,

1045 2396 1086 2431 In
1105 2396 1217 2432 corde
1238 2401 1367 2432 nectar
1394 2397 1588 2434 coelicum!

1090 2459 1269 2496 Desidere
1286 2464 1321 2497 te
1339 2461 1490 2506 millies,

1012 2546 1018 2547 ff
1043 2509 1133 2544 Jesu
1152 2507 1201 2542 mi
1219 2519 1226 2552 3
1247 2508 1396 2554 quando
1418 2508 1572 2546 venies?

1043 2556 1101 2590 Mc
1122 2555 1248 2590 laetum
1269 2556 1422 2601 quando
1444 2555 1559 2592 facies
1569 2557 1586 2591 Ῥ

1042 2603 1099 2638 Mc
1122 2602 1168 2638 dc
1190 2606 1226 2638 tc
1247 2603 1397 2648 quando
1418 2603 1562 2641 saties?

1089 2666 1204 2701 Amor
1220 2669 1305 2702 tuus
1322 2666 1535 2714 continuus,

1042 2713 1131 2748 Mihi
1150 2713 1309 2759 languor
1326 2715 1511 2760 assiduUS,

1042 2759 1131 2796 Mihi
1150 2760 1288 2797 fructus
1305 2761 1522 2808 mellifluus,

1043 2809 1104 2844 Est
1124 2810 1160 2844 et
1181 2808 1266 2844 vitae
1287 2812 1501 2855 perpetuus.
