1872 3147
139 200 155 232 -i

141 281 227 316 qne,
248 270 332 306 aliis
353 272 462 306 annis
482 275 641 313 tautum,
661 270 726 305 sed
753 281 828 306 non
847 270 917 306 hoe

143 317 293 353 suflicit.
317 319 368 354 De
387 327 541 352 numero
562 316 760 352 vulnerum
781 315 917 354 Christi

146 368 231 400 sunt
251 375 382 400 versus
403 364 462 399 isti
486 375 493 398 z

193 435 369 479 Mittitur,
387 437 427 468 ut
446 434 593 479 leyitur,
605 435 705 475 olim,
726 445 797 469 vox
819 435 916 469 σαλί-

753 481 809 526 [ca
829 483 919 516 lenis

235 533 300 569 cor
344 529 537 572 refovendo
583 531 680 564 senis
708 529 853 572 flebilis,
878 531 919 563 ut

191 629 218 662 D
260 626 328 661 duc
361 625 528 660 undecies
569 625 606 658 X·
641 576 917 667 ἄθηὲῑῇῗιωξῖἔὶζ
950 612 953 648 i
992 603 1136 633 ctorum
1166 599 1273 635 nobis
1293 599 1546 645 spiritualium
1576 600 1764 636 bonorum

639 670 760 715 [plica
782 670 919 706 Christi

238 720 337 757 Unde
386 720 570 759 revioez'stz',
598 718 751 752 vulnera
788 719 919 809 {un-cta

811 773 915 800 setes,

571 201 781 234 SECUNDAE
818 198 975 234 PARTIS
1013 200 1150 233 CAPUT
1190 198 1309 233 LVIII

991 268 1205 305 ritudiiiem.
1238 272 1282 306 Et
1307 275 1461 316 quanto,
1485 273 1554 308 hae
1578 273 1760 317 neglecta,

991 317 1073 361 quis
1087 316 1296 353 ascenderit
1311 317 1436 361 altius,
1450 321 1553 354 tanto
1568 319 1667 355 cadit
1679 330 1762 365 pro-

950 371 953 406 ;
990 362 1153 444 spudius.
1178 365 1261 400 Haec
1289 369 1345 400 est
1365 364 1463 401 enim
1484 365 1544 402 via
1563 376 1763 418 perquam

951 415 953 446 l
991 421 1086 452 iur;

1110 411 1187 445 haec
1209 416 1265 446 est
1285 414 1394 457 porta
1408 422 1474 458 per
1493 422 1603 457 quam
1628 412 1760 449 introi-

990 460 1050 491 tus
1075 457 1121 492 ad
1147 458 1400 494 desideratum
1438 458 1552 494 finem
1583 459 1764 496 concedi-

991 506 1063 539 tur.
1092 505 1162 539 Per
1187 505 1421 542 fructiferam
1446 516 1607 549 namque
1631 517 1674 542 ac
1694 517 1764 543 ve-

991 551 1197 587 nerabilem
1235 552 1371 588 Christi
1408 553 1639 597 Passionem,
1666 564 1764 589 cun-

992 645 1149 680 materizi
1165 646 1420 691 copiosissime
1436 646 1684 682 ministratur.
1696 645 1764 682 Ubi

950 715 952 717 ·
992 690 1092 726 enim
1111 696 1167 727 est
1185 692 1359 736 gloriatio
1375 693 1530 729 nostra?
1545 693 1611 729 Ubi
1633 703 1716 740 spes
1729 696 1767 729 et

992 737 1123 774 laeiiiia
1143 739 1265 775 cordis
1284 740 1401 776 nostri
1418 740 1435 775 ‘2
1451 742 1593 776 Revera
1606 741 1643 776 in
1663 739 1767 778 Chri-

952 789 953 811 ῑ
993 793 1049 821 sto
1073 797 1148 821 uno
1164 797 1309 823 summo
1330 791 1367 823 et
1384 798 1473 823 vero
1491 788 1604 830 bono,
1628 790 1665 823 et
1686 798 1766 833 pre-

138 841 205 875 Tot
232 837 369 883 quippe
397 836 548 871 fuerunt
573 834 731 870 vulnera
766 833 917 875 Christi,
951 838 953 881 J

134 881 917 930 accipiendovidelicetquamlibetplagam
951 898 952 926 j

138 929 404 968 ssaueliationis
442 939 510 974 pro
545 928 698 963 vulnere
741 938 843 971 uno3
882 930 918 961 et
950 932 953 971 ζ

192 969 209 977 “’
951 977 953 985 ’
993 972 1171 1008 continue
1193 978 1237 1008 «te
1257 973 1339 1019 ipso
1358 974 1473 1019 loqui.
1492 985 1534 1010 ac
1554 974 1655 1010 omni
1670 977 1764 1011 tem-

138 982 360 1024 piiiirtiirzim
381 974 579 1021 cujuslibet
598 974 715 1020 spinae
737 984 805 1019 pro
826 984 915 1009 uno.

134 1027 246 1072 CuJus
267 1024 419 1070 quidem
439 1020 584 1057 numeri
605 1025 733 1066 partes
756 1020 916 1066 singulae

133 1074 346 1119 congruunt
373 1069 550 1115 mysterio
575 1067 769 1104 Passionis
794 1067 915 1119 Domi-

135 1119 241 1156 nio-a).
272 1118 501 1154 Millenarius
527 1115 644 1159 enim,
663 1114 725 1160 qui
747 1117 803 1150 est
828 1114 915 1150 ulti-

136 1177 218 1203 mus
247 1165 353 1200 limes
381 1173 643 1205 numerorum,
677 1161 916 1213 ultimam-et

135 1223 351 1259 supremam
382 1210 650 1256 persei-tionem
680 1209 714 1244 in
742 1209 812 1244 hac
838 1212 915 1243 vita

133 1259 277 1297 homini
317 1257 535 1305 possibilem
572 1256 764 1299 insinuat,
800 1266 914 1301 quam

134 1309 261 1353 utique
290 1305 460 1343 Christus
493 1306 529 1339 in
562 1314 631 1339 sua
665 1304 843 1355 Passione
879 1306 914 1337 et

132 1365 277 1391 summe
305 1353 537 1397 adimplevit.
557 1351 760 1393 Quinarius
786 1352 914 1385 autem

133 1402 179 1438 ad
200 1401 364 1446 quinque
380 1409 513 1434 sensns
528 1398 706 1440 refertur,
720 1396 758 1431 in
777 1397 914 1441 quibus

950 1043 953 1112 l

949 1114 953 1169 l

992 831 1194 869 tiosissimo
1222 835 1305 879 ejus
1343 835 1534 870 Passionis
1569 834 1762 870 thesauro.

992 880 1036 914 Et
1048 878 1132 915 ideo
1147 884 1223 915 tam
1243 880 1532 926 impretiabilem
1545 882 1764 918 thesaurum

993 926 1153 961 delectat
1170 927 1312 973 jugiter
1334 928 1370 962 in
1392 927 1503 963 corde
1525 927 1705 969 retinere,
1728 931 1766 964 et

992 1029 1098 1065 pore,
1119 1023 1242 1056 mente
1264 1024 1301 1056 et
1318 1032 1474 1067 corpore
1497 1032 1581 1058 cum
1602 1021 1680 1068 ipso
1701 1032 1764 1058 oc-

992 1066 1119 1112 cupari
1140 1078 1147 1109 ;
1172 1067 1312 1103 utinam
1352 1078 1500 1113 quoque
1524 1074 1560 1104 et
1579 1067 1618 1104 in
1639 1069 1764 1104 cordi·

990 1114 1060 1149 bus
1075 1124 1282 1160 numquam
1298 1120 1518 1159 marcescat,
1535 1116 1602 1152 sed
1617 1126 1766 1162 semper

991 1160 1159 1197 rediviva
1195 1161 1441 1205 pulluiatione
1463 1173 1580 1198 novus
1611 1163 1761 1198 existat!

991 1208 1089 1243 Felix
1117 1208 1277 1253 proinde
1309 1212 1363 1252 tu,
1398 1220 1420 1245 o
1453 1209 1765 1254 gloriosissimum

990 1254 1114 1290 lumen
1144 1256 1404 1300 ecclesiarum,
1424 1256 1486 1299 qui
1511 1266 1691 1293 arcanum
1713 1255 1764 1292 di-

948 1310 949 1318 *
990 1301 1158 1337 vinitatis
1179 1304 1383 1347 attingens.
1408 1303 1588 1349 abyssum
1613 1301 1763 1339 clarita-

134 1448 307 1485 omnibus
326 1447 497 1483 Christus
520 1455 649 1489 passus
669 1443 753 1485 fuit,
773 1447 811 1478 ut
833 1454 914 1478 sen·
946 1458 948 1465 ν

132 1506 195 1531 sus
215 1498 363 1531 nostros
381 1492 520 1528 nostris
541 1490 701 1535 peccatis
715 1493 913 1535 corruptos

134 1543 394 1588 reintegraret.
416 1537 664 1575 Centenarius
685 1536 799 1573 etiam
826 1547 911 1589 per-

132 1589 332 1626 fectionem
352 1590 466 1622 nutat.
484 1587 525 1621 Et
542 1585 625 1621 ideo
643 1595 710 1631 per
731 1584 911 1636 quadrin-

133 1640 247 1683 genta
293 1635 470 1680 perfectio
520 1632 611 1668 Novi
653 1633 911 1673 Testamenti,

989 1348 1037 1383 tis
1057 1348 1194 1385 ‹iivinae
1216 1349 1333 1385 oculis
1351 1349 1566 1396 purioribus
1581 1349 1763 1387 intuendo

988 1395 1169 1440 introisti,
1190 1407 1233 1432 ac
1253 1397 1368 1433 verba
1387 1408 1470 1443 quae
1493 1408 1566 1433 non
1590 1396 1679 1434 licet
1699 1397 1765 1434 ho-

989 1442 1079 1477 mini
1106 1443 1206 1488 loqui
1225 1443 1375 1487 audisti,
1397 1447 1435 1480 et
1460 1449 1588 1480 tamen
1619 1444 1666 1480 ad
1687 1443 1764 1481 ima

988 1489 1220 1526 descendens
1257 1490 1395 1526 affectu
1429 1491 1593 1536 quodam
1618 1491 1762 1528 mellito

989 1536 1179 1572 Passionis
1207 1538 1317 1582 hujus
1353 1538 1400 1573 ob
1438 1538 1684 1583 praeconium,
1715 1538 1762 1575 de

987 1583 1110 1619 cordis
1131 1585 1308 1620 thesauro
1326 1583 1364 1619 in
1384 1584 1550 1621 medium
1565 1584 1760 1630 eructasti,

946 1640 947 1643 ¹
987 1629 1117 1666 dii-,ens
1137 1642 1144 1665 :
1164 1632 1270 1668 Nihil
1285 1631 1488 1667 arbitratus
1505 1643 1584 1667 snm
1600 1643 1655 1668 me
1671 1634 1764 1669 scire

133 1684 233 1730 quod
254 1682 291 1717 in
313 1687 473 1727 quatuor
495 1678 706 1731 Evangeliis
726 1677 910 1721 consistit,
946 1702 947 1705 η

132 1730 248 1776 accipi
265 1727 521 1780 potest;.qn=›d
535 1727 685 1771 quidem
697 1726 910 1760 Testamen-
946 1746 947 1759 ι

135 1782 209 1813 tum
230 1777 465 1821 insanguine
487 1772 672 1808 Passionis
689 1771 825 1807 Christi
843 1773 910 1824 de-⁴

133 1824 298 1861 dicatum
325 1827 394 1858 est,
419 1822 704 1866 Nonagcnarius
722 1829 826 1862 vero,
848 1829 910 1864 qui

132 1874 280 1908 constat
302 1881 344 1905 ex
369 1870 479 1905 ductu
504 1866 649 1903 denarii
677 1868 714 1901 in
740 1876 910 1902 novena-

133 1920 242 1962 rium,
268 1916 439 1962 designat
459 1925 591 1950 novem
614 1913 767 1949 ordines
786 1914 909 1959 Auge-
944 1937 945 1948 i

130 1967 266 2008 lorum,
283 1964 381 1999 inter
395 1973 490 2008 quos
508 1961 680 1997 ducimur
695 1971 762 2006 per
779 1962 907 1995 oliser-
944 1977 945 1980 =

128 2012 293 2049 varitiam
330 2013 605 2056 praeceptorum
645 2007 844 2060 Dccalogi,
873 2010 909 2042 et

131 2061 202 2096 hoc
221 2058 302 2094 fieri
326 2068 401 2093 non
421 2059 541 2102 potest
560 2054 628 2090 nisi
647 2066 713 2101 per
734 2057 908 2090 meritum

131 2105 321 2142 Passionis
343 2103 494 2141 Christi.

175 2157 193 2189 5
216 2155 316 2188 BONA
342 2164 360 2187 i:
382 2161 617 2187 urnii-Ariona
639 2150 782 2186 CHRISTI
816 2149 906 2184 PAs-

128 2212 256 2238 s1oxis.
275 2212 304 2234 si
325 2210 404 2234 iuri:
422 2208 714 2241 FIAT,FLL‘ENT1A.
735 2216 773 2222 —
792 2197 907 2231 Multa

128 2247 281 2294 quidem
312 2250 345 2281 et
377 2256 514 2291 magna
542 2245 640 2279 hona
676 2242 906 2286 proveniunt

127 2293 270 2330 homini
306 2294 523 2328 Passionem
552 2290 689 2327 Christi
717 2290 904 2335 frequen-

127 2340 235 2381 tanti.
261 2344 298 2376 et
320 2351 358 2375 se
386 2339 485 2375 circa
514 2349 597 2374 eam
639 2337 768 2373 sedulo
792 2348 903 2372 occu-

126 2387 242 2434 panti.
270 2387 306 2423 Si
335 2386 437 2422 enim
461 2386 508 2421 ad
535 2385 743 2420 divinitatis
772 2383 901 2429 cogni-

124 2435 267 2471 tionem
308 2432 503 2479 pervenire
541 2431 746 2473 desideras,
787 2433 903 2466 restat

75 2482 78 2486 ’
128 2487 166 2518 ut
192 2492 259 2528 per
285 2483 516 2525 assumptam
550 2478 839 2521 humanitatem,
866 2481 902 2513 et
937 2498 938 2503 =

123 2527 368 2565 humanitatis
384 2526 599 2562 Passionem
622 2528 815 2569 tamquam
836 2535 901 2570 per

121 2576 219 2612 viam
266 2576 408 2620 regiam
459 2571 647 2617 gradatim
693 2572 899 2606 ascendere
931 2592 934 2637 ι

122 2623 169 2659 ad
195 2621 330 2658 altior-ti
368 2620 513 2662 discas3
558 2620 645 2663 quia
674 2629 750 2653 non
786 2618 899 2653 datur
932 2650 934 2660 ,

120 2669 318 2717 pervenire
345 2668 391 2703 ad
414 2665 618 2702 divinitatis
642 2665 895 2717 altitudinem,
932 2663 935 2712 ξ

123 2717 181 2753 vel
212 2715 429 2752 inusitatam
449 2714 700 2755 dulcedinem,
724 2712 795 2747 nisi
819 2716 895 2747 tra·
932 2713 934 2739 Γ

122 2764 192 2801 ctis
221 2763 284 2810 pio
306 2762 469 2808 quodam
502 2759 589 2796 fidei
617 2770 660 2795 ac
683 2759 896 2812 dilectionis
930 2783 933 2787 -

121 2811 273 2854 affectu,
292 2820 360 2856 per
373 2806 619 2844 humanitatis
639 2807 774 2842 Christi
796 2816 896 2841 ama-

986 1678 1081 1712 inter
1098 1688 1173 1720 vos,
1188 1679 1263 1713 nisi
1275 1680 1395 1713 Jesum
1411 1679 1603 1715 Christum.
1623 1683 1657 1714 et
1669 1680 1762 1716 hunc

987 1726 1215 1769 crucifixum.
1255 1725 1282 1760 O
1314 1726 1471 1761 verbum
1505 1725 1760 1772 mellifluum,

987 1771 1133 1807 dulcius
1156 1782 1268 1817 super
1286 1772 1359 1807 mel
1391 1775 1427 1808 et
1456 1772 1594 1813 savum,
1615 1772 1762 1810 devotis

987 1818 1177 1854 mentibus
1210 1818 1352 1865 jugiter
1391 1818 1682 1865 ruminandum,
1716 1820 1762 1857 de

987 1875 1060 1910 quo
1084 1865 1209 1911 liquor
1227 1871 1391 1909 emanat,
1414 1866 1479 1912 qui
1516 1867 1660 1903 miseris
1685 1867 1763 1903 lar-

986 1914 1084 1958 giter
1103 1912 1242 1958 gaudia
1267 1913 1396 1949 salutis
1422 1913 1624 1960 propinat!
1647 1915 1761 1951 Cete-

988 1970 1071 1995 rum
1092 1959 1319 2005 quicumque
1334 1964 1517 1997 aeternam
1536 1961 1710 2006 salutem,
1725 1966 1762 1998 et

985 2007 1229 2052 praemiorum
1251 2007 1550 2053 magnitudinem
1572 2008 1761 2045 desiderat

942 2064 944 2067 ·
984 2054 1139 2097 habere,
1183 2064 1308 2090 arcem
1345 2065 1494 2101 quoque
1538 2058 1759 2093 cunctarum

984 2101 1164 2137 vii-tutum
1202 2106 1307 2146 optat
1340 2102 1610 2146 conscendere,
1636 2101 1756 2139 scien-

983 2147 1075 2200 tiam
1103 2148 1217 2184 etiam
1237 2152 1350 2192 atque
1370 2148 1593 2194 sapientiam
1615 2148 1758 2186 obtine-

982 2206 1037 2238 re,
1061 2199 1159 2230 inter
1188 2205 1366 2241 prospera
1392 2200 1428 2231 et
1452 2199 1611 2232 adversa
1637 2207 1759 2242 aequa-

940 2252 941 2265 ³
982 2241 1134 2278 nimiter
1148 2249 1259 2280 stare.
1278 2246 1314 2278 et
1329 2253 1499 2278 securam
1515 2242 1613 2278 viam
1632 2243 1761 2280 ambu-

981 2289 1073 2332 lare,
1091 2300 1158 2325 nec
1175 2300 1250 2325 non
1263 2289 1555 2325 amaritudinem
1571 2289 1759 2326 Passionis

981 2335 1129 2371 Domini
1164 2335 1280 2372 nostri
1309 2338 1398 2372 Jesu
1431 2336 1568 2372 Christi
1603 2337 1758 2383 ejusque

980 2382 1249 2418 consolationis
1266 2387 1395 2428 potum
1413 2384 1676 2420 suavissimum
1697 2384 1758 2420 de-

979 2429 1118 2465 siderat
1131 2433 1358 2475 praegustare
1372 2441 1380 2473 ;
1395 2430 1644 2466 debetJesum
1656 2431 1760 2467 Chri-

979 2480 1092 2520 stum,
1125 2476 1293 2521 inquam,
1332 2480 1370 2512 et
1401 2477 1499 2513 hunc
1525 2477 1756 2521 cruoeifixum,

974 2523 1115 2569 jugiter
1129 2522 1163 2558 in
1177 2534 1243 2559 suo
1259 2524 1369 2559 corde
1387 2528 1549 2569 portare.
1566 2525 1756 2570 Frequens

980 2569 1168 2605 Passionis
1200 2570 1308 2616 hujus
1348 2570 1530 2606 memoria
1567 2570 1754 2606 indoctum

977 2627 1205 2662 quemquam
1240 2617 1365 2652 reddit
1402 2617 1675 2660 doctissimum,
1710 2627 1753 2653 ac

976 2663 1168 2708 imperitos
1189 2668 1225 2699 et
1248 2663 1383 2700 idiotas
1403 2664 1491 2701 facit
1513 2664 1692 2710 proficere
1713 2663 1753 2700 in

962 2713 1198 2756 “magistros3
1234 2711 1447 2756 magistros,
1477 2710 1646 2756 inquam,
1677 2721 1753 2747 non

976 2759 1144 2794 scientiae
1165 2769 1247 2802 quae
1270 2757 1460 2802 inflat,sed
1476 2757 1646 2794 caritatis
1665 2768 1751 2803 quae

963 2804 1150 2859 aedificat.
1174 2806 1256 2851 lpsa
1276 2809 1332 2841 est
1359 2806 1459 2841 velut
1479 2803 1631 2851 quidam
1652 2804 1749 2841 libor
