1924 3157
192 190 252 223 ‘248

194 259 471 306 Respondetur‚
497 259 704 295 secundum
738 258 966 303 Greqorium,

197 307 287 353 quia
306 317 390 342 rum
411 306 503 342 fides
518 305 703 342 catholica
721 306 767 341 sit
785 305 970 341 sufficien-

193 357 251 389 ter
276 354 434 399 probata
461 364 527 399 per
555 352 734 389 miracula
766 352 901 389 Christi
935 356 971 387 et

194 400 457 447 Apostolorum
479 401 574 446 ejus,
592 411 666 436 non
700 404 847 446 oportet
873 399 971 435 ultra

196 448 293 483 hanc
317 448 578 492 probationem
593 446 773 484 reiterare
794 447 968 492 amplius3

195 494 290 530 sicut
318 495 431 530 etiam
452 495 606 531 arbusta
623 505 708 530 cum
730 493 849 540 primo
872 493 973 538 plan-

194 545 335 583 tantur,
370 542 584 587 frequenter
608 541 813 587 irrigantur
838 550 970 587 quous-

194 598 265 635 que
301 588 534 625 convaluisse
564 588 776 632 videantur,
798 598 882 623 cum
903 598 969 623 au-

193 639 271 671 tem
308 635 348 671 in
381 639 482 672 terra
507 636 673 672 radicem
694 634 857 679 fixerint,
882 634 971 670 talia

192 683 481 719 subtrahuntur.
504 685 769 720 Verumtamen
808 683 905 717 Deus
933 680 971 716 in

193 731 355 776 posteris
376 732 612 777 temporibus
631 730 743 766 etiam
766 729 880 765 multa
902 728 970 763 mi-

192 777 322 813 racula
350 777 436 813 fecit
465 778 513 813 ad
540 776 833 813 consolationem
855 774 973 811 fideli-

193 835 271 868 um,
292 830 332 860 ut
356 827 456 867 patet
483 825 527 861 de
559 828 730 870 tempore
766 825 969 869 Martyrum

199 874 236 907 et
270 872 551 907 Confessorum.
593 871 703 907 Fiunt
739 874 877 913 tamen,
912 880 972 905 se-

197 919 363 954 cundum
384 920 557 954 eumdem
579 919 802 961 Greqorium,
824 915 971 962 spiritu-

195 965 306 1001 aliter
329 976 425 1001 nunc
447 965 486 1000 in
505 965 684 1008 Ecclesia,
706 975 789 1010 quae
807 964 974 1009 aliquan-

195 1012 244 1048 do
259 1011 506 1058 corporaliter
524 1012 667 1049 fiebant
679 1012 714 1047 in
733 1023 789 1048 ea.
805 1013 897 1047 Nam
913 1021 973 1046 sa·

200 1060 372 1095 cerdotes
406 1059 586 1106 populum
619 1059 879 1102 exorcizando,
899 1059 973 1094 ba—

197 1106 387 1153 ptizando,
407 1110 443 1142 et
458 1106 505 1142 ad
526 1106 785 1153 poenitentiam
804 1105 973 1141 vocando

200 1154 388 1190 daemonia
409 1153 584 1200 ejiciunt;
608 1154 772 1200 dumque
791 1151 975 1189 secularia

196 1202 312 1237 verba
332 1200 603 1247 relinquentes,
623 1201 711 1237 fidei
738 1204 775 1237 et
803 1211 909 1236 novae
930 1200 978 1235 le-

200 1247 257 1294 gis
291 1248 470 1294 mysteria
497 1248 689 1292 insonant,
712 1247 847 1293 linguis
873 1246 977 1283 novis

197 1296 417 1341 loquuntur.
444 1294 513 1338 Qui
549 1296 636 1331 dum
672 1296 782 1331 bonis
819 1294 892 1331 suis
913 1305 975 1330 ex-

198 1342 477 1378 hortationibus
497 1342 588 1379 vitia
606 1346 642 1378 et
655 1342 836 1378 malitiam
855 1342 901 1377 de
915 1341 980 1377 ali-

203 1390 285 1425 enis
306 1389 481 1426 cordibus
506 1390 695 1434 auserunt,
715 1393 895 1435 serpentes
915 1390 979 1424 tol-

201 1437 293 1472 lunt.
318 1437 360 1471 Et
384 1436 474 1472 dum
496 1437 761 1473 haereticorum
788 1437 904 1472 libros
926 1437 976 1471 le-

202 1487 307 1529 gunt,
328 1483 385 1519 vel
406 1484 600 1520 mortifera
620 1483 658 1519 in
677 1484 977 1520 confessionibus

200 1541 267 1566 seu
287 1531 484 1577 pestiferas
504 1531 698 1568 suasiones
718 1531 890 1573 audiunt,
912 1530 976 1566 sed

200 1580 325 1614 tamen
348 1589 425 1614 non
447 1581 700 1621 consentiunt,
723 1582 758 1614 et
790 1579 836 1614 ad
862 1588 978 1624 prava

199 1635 277 1661 non
314 1626 612 1672 pertrahuntur,
645 1626 880 1662 mortiferum
922 1629 979 1661 est

201 1672 301 1717 quod
337 1673 484 1717 bibunt,
521 1673 585 1709 sed
619 1672 672 1709 eis
701 1684 774 1709 non
813 1672 974 1709 nocebit.

201 1719 270 1763 Qui
292 1725 439 1765 quoties
470 1722 665 1766 proximus
684 1720 723 1756 in
743 1721 816 1756 fide
837 1720 893 1756 vel
915 1721 977 1756 bo-

200 1777 249 1802 no
271 1777 383 1812 opere
404 1767 591 1804 infirmari
618 1767 864 1813 conspiciunt,
889 1767 977 1803 dum

204 1812 256 1849 eis
276 1817 355 1849 tota
384 1813 520 1850 virtute
547 1818 775 1851 concurrunt
803 1819 838 1850 et
857 1825 978 1850 exem-

198 1861 260 1906 plo
296 1871 373 1896 suae
415 1862 524 1897 bonae
556 1861 790 1907 operationis
826 1861 976 1897 illorum

198 1907 313 1943 vitam
336 1908 527 1953 roborant,
546 1909 603 1944 vel
635 1908 782 1944 animas
807 1909 976 1944 infirmas

201 1954 279 1990 suis
304 1954 534 1991 orationibus
555 1959 706 2000 sanant,
729 1960 765 1992 et
799 1957 874 1991 Deo
908 1966 975 1991 re-

201 2001 419 2046 conciliant,
441 2013 552 2049 super
570 2013 690 2049 aegros
710 2014 845 2039 manus
859 2004 974 2049 impo-

199 2051 308 2094 nunt,
332 2052 370 2085 ut
405 2050 500 2086 bene
529 2051 706 2086 habeant.
731 2051 818 2094 Quae
855 2050 975 2086 nimi-

199 2105 285 2132 rum
328 2096 510 2134 miracula
550 2100 656 2133 tanto
704 2098 849 2144 majora
891 2100 976 2133 sunt

199 2146 339 2189 quanto
375 2143 645 2190 spiritualiora,
669 2148 704 2181 et
735 2147 878 2191 quanto
907 2155 975 2191 per

201 2190 282 2226 haec
302 2201 378 2226 non
402 2202 574 2238 corpora,
600 2192 664 2227 sed
696 2192 831 2228 animae
855 2191 972 2228 susci-

202 2240 341 2273 tantur.
367 2239 408 2274 In
442 2239 513 2274 hoc
543 2239 657 2274 etiam
679 2238 912 2283 instruimur,
934 2241 975 2275 ut

197 2285 299 2336 quod
328 2284 452 2321 verbis
473 2285 736 2332 praedicamus,
754 2287 864 2323 bonis
889 2296 973 2332 ope-

200 2332 304 2384 ribus
338 2332 616 2369 confirmemus.
655 2335 761 2378 Item,
787 2333 975 2369 daemonia

199 2381 366 2423 eJ1clunt‚
398 2379 459 2425 qui
496 2381 711 2417 daemonum
748 2380 973 2417 tentationes

197 2424 270 2460 fide
291 2429 326 2460 et
347 2426 455 2472 signo
473 2427 595 2463 crucis
612 2428 817 2474 repellunt3
836 2428 973 2474 linguis

197 2471 401 2517 loquuntur
434 2474 553 2518 novis,
576 2474 638 2521 qui
675 2474 739 2511 Dei
774 2476 903 2511 laudes
938 2478 974 2510 et

200 2519 315 2554 verba
336 2530 442 2556 sacra
463 2527 634 2566 narrant,
649 2522 810 2558 dimissis
831 2521 973 2558 frivolis

199 2568 236 2601 et
259 2565 415 2611 otiosis3
440 2575 632 2614 serpentes
652 2570 806 2614 tollunt,
828 2571 890 2615 qui
912 2569 972 2605 de-
1011 2565 1014 2609 l

196 2616 379 2665 tractores
416 2615 620 2652 efficaciter
658 2616 968 2662 reprehendunt3
1012 2613 1013 2639 l

197 2660 431 2696 mortiferum
451 2661 596 2708 bibunt,
617 2665 683 2698 sed
713 2663 766 2699 eis
798 2674 874 2699 non
901 2674 968 2699 no·
1011 2675 1012 2708 i

196 2710 269 2751 cet,
289 2709 351 2752 qui
384 2708 644 2761 persuasiones
678 2711 874 2756 pestiferas
901 2721 967 2746 seu
1009 2718 1012 2774 j

199 2764 330 2790 amara
368 2760 530 2791 couvitla
562 2756 729 2801 audiunt,
758 2758 823 2793 sed
855 2759 968 2794 surda

199 2811 290 2837 aure
311 2804 570 2847 transeunt,et
590 2813 656 2849 pro
671 2804 787 2840 nihilo
803 2805 965 2848 ducunt3

589 188 821 237 &SECUNDE
859 187 1018 221 PARTls
1057 186 1192 219 CAPUT
1232 185 1400 218 LXXXII

1048 266 1160 303 super
1177 265 1298 299 aegros
1317 263 1451 290 manus
1472 252 1674 299 imponunt
1693 255 1731 288 et
1750 252 1817 288 be·

1047 314 1092 339 ne
1122 303 1325 346 habebunt,
1352 299 1415 346 qui
1435 311 1502 346 per
1526 301 1625 336 bona
1644 300 1760 336 verba
1783 302 1821 336 et

1048 360 1163 396 opera
1191 348 1283 384 alios
1312 359 1334 384 a
1357 348 1520 394 peccatis
1551 348 1763 391 retrahunt,
1785 351 1822 382 et

1048 398 1084 432 in
1106 396 1212 433 bonis
1245 395 1484 432 confirmant.
1506 396 1550 430 Et
1579 396 1657 430 lraee
1688 393 1819 430 simili-

1046 448 1104 480 ter
1126 443 1233 489 signa
1253 441 1469 489 spiritualia
1490 445 1596 477 tanto
1630 445 1716 477 sunt
1743 451 1822 477 cor-

1046 491 1238 538 poralibus
1261 490 1617 534 meliora,quantum
1638 499 1721 534 quae
1734 491 1822 524 sunt

1047 538 1183 574 animae
1205 536 1463 583 corporalibus
1478 536 1637 582 praeseru
1646 539 1745 571 ntur.

1095 590 1114 621 5
1128 586 1322 621 Pnontssio
1339 585 1501 620 Spuuws
1520 584 1648 619 SANC‘rr
1664 584 1823 618 Aposto-

1047 645 1100 669 L1s
1122 644 1244 669 FACTA.
1265 653 1311 659 —
1328 631 1470 667 Deinde
1503 629 1594 666 dixit
1623 629 1676 666 eis
1699 642 1709 665 :
1751 631 1824 667 Vos

1048 684 1166 716 autem
1186 678 1397 726 specialiter
1426 680 1525 723 estis,
1557 677 1593 713 iil
1617 681 1673 714 est
1702 675 1820 720 eritis,

1047 731 1152 763 testes
1188 729 1331 771 horum,
1352 726 1492 762 scilicet
1513 735 1596 771 quae
1620 723 1765 760 vidistis
1785 726 1823 760 et

1047 774 1213 816 audistis,
1248 778 1284 810 et
1317 784 1399 820 quae
1420 773 1567 809 locutus
1587 776 1625 808 et
1645 774 1822 818 operatus

1049 833 1129 858 sum
1151 822 1189 857 in
1216 821 1340 857 medio
1361 820 1489 865 vestri,
1510 820 1566 855 vel
1594 820 1726 855 horum
1753 829 1821 854 su-

1048 869 1174 916 perius
1195 869 1477 914 descriptorum.
1496 870 1675 913 quantum
1692 866 1740 902 ad
1759 867 1821 902 Je-

1049 927 1093 952 su
1107 916 1243 952 Christi
1258 915 1569 958 lucarnatiunem,
1582 911 1820 961 praedicatio-

1049 974 1148 1007 nem,
1172 962 1391 999 Passionem
1419 965 1454 998 et
1480 960 1820 998 Resurrectionem.

1051 1012 1093 1046 Et
1113 1021 1161 1046 ne
1190 1009 1327 1046 turbati
1350 1009 1559 1053 cogitarent
1590 1020 1598 1044 ε
1629 1007 1823 1051 Quomodo

1049 1068 1118 1094 nos
1144 1057 1315 1093 homines
1331 1057 1454 1094 idiotae
1468 1056 1726 1093 testimonium
1742 1065 1825 1102 per-

1050 1105 1261 1141 hibebimus
1275 1104 1454 1141 Gentibus
1478 1107 1514 1140 et
1532 1103 1684 1147 Judaeis,
1708 1102 1823 1149 quite

1052 1152 1283 1196 occiderunt,
1310 1151 1503 1198 subjungit
1525 1163 1533 1187 :
1557 1153 1605 1187 Et
1623 1162 1684 1195 eqo
1704 1152 1822 1193 mitto,

1051 1199 1089 1235 id
1126 1203 1181 1235 cst
1214 1199 1360 1235 mittam
1394 1199 1466 1234 cito
1491 1202 1528 1235 et
1547 1198 1594 1234 de
1612 1197 1824 1245 propinquo

1051 1247 1226 1293 ponendo
1241 1257 1407 1293 praesens
1423 1257 1490 1293 pro
1505 1246 1644 1290 futuro,
1657 1251 1694 1281 et
1714 1244 1825 1280 ratio-

1052 1305 1099 1330 ne
1138 1293 1387 1338 certitudinis,
1416 1298 1453 1329 et
1488 1297 1635 1329 ratione
1666 1291 1826 1339 proximi

1052 1341 1231 1387 temporis
1252 1343 1473 1387 promissum
1506 1339 1613 1376 vobis
1647 1338 1825 1376 auxilium

1052 1391 1174 1424 Patris
1200 1390 1270 1424 mei
1294 1391 1334 1424 in
1365 1399 1440 1433 vos,
1479 1388 1518 1424 id
1557 1390 1614 1423 est
1647 1386 1825 1433 Spiritum

1053 1437 1227 1473 Sanctum
1250 1435 1287 1471 in
1304 1435 1409 1481 signo
1428 1434 1578 1480 visibili,
1601 1438 1640 1470 ut
1661 1433 1825 1470 sufficia-

1051 1484 1100 1519 tis
1119 1483 1166 1519 ad
1184 1484 1397 1519 testandum
1421 1487 1458 1519 et
1476 1484 1521 1519 ad
1543 1481 1825 1528 praedicandum

1053 1534 1270 1566 constanter
1286 1531 1426 1576 ubique
1443 1529 1640 1566 veritatem
1657 1531 1824 1574 Evange-

1053 1578 1091 1613 lii
1120 1577 1206 1614 mei.
1246 1579 1357 1614 Pater
1390 1577 1492 1614 enim
1519 1587 1605 1613 eum
1638 1575 1823 1623 promisit,

1053 1636 1138 1662 cum
1157 1625 1249 1661 dixit
1268 1637 1276 1660 z
1296 1625 1497 1671 Effundam
1523 1625 1567 1660 de
1586 1625 1731 1670 Spiritu
1749 1633 1824 1658 meo

1052 1684 1160 1719 super
1185 1684 1322 1708 omnem
1341 1683 1502 1717 carnem;
1526 1677 1561 1708 et
1600 1670 1690 1717 quia
1713 1669 1826 1706 Filius

1052 1719 1238 1766 promisit,
1264 1720 1392 1756 dicens
1415 1731 1423 1755 ι
1449 1721 1535 1756 Cum
1554 1720 1691 1754 venerit
1709 1719 1825 1753 Para-

1053 1770 1160 1803 clz'tus
1182 1779 1286 1813 quem
1306 1778 1368 1811 690
1389 1769 1534 1802 mittam
1550 1767 1652 1802 vobis
1666 1777 1688 1801 a
1703 1767 1825 1809 Patre,

1053 1815 1136 1850 ideo
1173 1819 1210 1851 et
1248 1816 1358 1850 Pater
1378 1814 1562 1860 promisit.
1593 1823 1674 1849 curn
1711 1822 1827 1858 opera

1051 1861 1244 1897 Trinitatis
1262 1861 1337 1898 sint
1357 1860 1531 1897 indivisa.
1545 1861 1613 1904 Qui
1634 1859 1722 1895 licet
1742 1869 1825 1905 pro-

1052 1908 1150 1944 cedit
1179 1910 1224 1944 ab
1257 1912 1432 1954 utroque,
1457 1912 1513 1944 est
1538 1912 1665 1943 tamen
1686 1908 1824 1951 Patris,

1050 1959 1271 1992 auctoritate
1293 1955 1518 2002 spirationis.
1543 1957 1586 1991 Et
1611 1965 1657 1990 ne
1677 1953 1823 2000 imper-

1050 2003 1134 2039 fecti
1150 2003 1356 2050 praedicare
1375 2004 1662 2050 praesumerent,
1682 2001 1825 2048 adjun-

1049 2050 1101 2086 vit
1120 2062 1128 2086 :
1152 2053 1222 2087 Vos
1249 2055 1383 2095 autem,
1412 2052 1475 2097 qui
1498 2048 1641 2086 debetis
1662 2059 1745 2084 esse
1768 2051 1825 2084 te-

1048 2100 1124 2134 stes
1141 2098 1229 2142 mei,
1249 2099 1366 2134 sedete
1386 2103 1422 2134 et
1433 2100 1582 2134 manete
1602 2095 1663 2132 hic
1678 2098 1718 2131 in
1739 2098 1824 2131 eivi-

1049 2149 1121 2181 tate
1140 2146 1365 2189 Jerusalem,
1387 2146 1623 2191 quoadusque
1642 2143 1824 2179 induami-

1047 2195 1100 2237 ni,
1121 2192 1263 2228 scilicet
1288 2193 1455 2239 undique
1481 2195 1677 2237 tamquam
1697 2200 1822 2226 arma-

1047 2243 1132 2276 tura
1153 2239 1352 2286 spirituali,
1379 2243 1526 2284 vz'rtute,
1549 2248 1625 2274 non
1644 2238 1821 2279 humana,

1048 2287 1113 2322 sed
1145 2287 1300 2331 coelesti,
1344 2287 1381 2323 id
1419 2292 1474 2323 est
1505 2285 1663 2332 Spiritus
1699 2285 1824 2321 Sancti

1047 2333 1181 2380 gratia,
1204 2345 1249 2370 em
1278 2336 1365 2378 alto,
1398 2334 1436 2370 id
1466 2337 1523 2370 est
1548 2333 1592 2368 de
1615 2332 1723 2369 coelo.
1748 2333 1825 2368 Hoc

1047 2381 1146 2417 idem
1170 2383 1336 2428 tangitur
1357 2382 1396 2417 in
1421 2381 1588 2424 Acti-bus,
1617 2390 1700 2417 eum
1733 2380 1824 2416 dici-

1046 2432 1107 2464 tur
1128 2440 1135 2464 :
1161 2431 1209 2464 Et
1235 2439 1455 2473 convescens,
1474 2427 1513 2464 id
1534 2431 1591 2463 est
1609 2428 1718 2465 simul
1741 2438 1825 2464 cum

1049 2475 1239 2522 discipulis
1267 2476 1478 2518 comedens,
1503 2479 1677 2523 praecepit
1702 2479 1753 2511 eis
1779 2476 1825 2511 ab

1012 2548 1013 2552 ,
1045 2525 1278 2568 Jerosolymz's
1296 2535 1338 2558 ne
1358 2524 1594 2566 discederent,
1615 2524 1678 2560 sed
1695 2534 1823 2569 exspe-

1047 2574 1185 2606 orarent
1199 2573 1477 2616 promissionem
1491 2571 1624 2616 Patris,
1638 2581 1746 2616 quam
1761 2581 1823 2606 au-

1047 2618 1168 2662 distis,
1188 2617 1322 2663 inquit,
1340 2629 1406 2664 per
1425 2628 1462 2653 os
1483 2627 1612 2653 meum.
1636 2617 1749 2661 Quasi
1769 2617 1822 2653 eis

1047 2663 1209 2701 diceret:
1232 2664 1298 2700 Hic
1313 2669 1349 2701 et
1368 2664 1419 2701 ibi
1434 2675 1511 2700 non
1530 2665 1620 2700 estis
1637 2663 1822 2700 sut'licien-

1045 2714 1100 2747 tes
1119 2714 1165 2747 ad
1187 2711 1469 2757 praedicandum
1491 2716 1708 2748 constanter
1724 2712 1819 2748 veri-

1044 2761 1159 2794 tatem
1202 2759 1407 2806 Evangelii,
1449 2759 1568 2794 donec
1609 2758 1819 2797 confirmati

1044 2805 1186 2841 fueritis
1204 2816 1270 2851 per
1284 2806 1425 2843 donum
1441 2806 1604 2853 Spiritus
1622 2808 1762 2852 Sancti,
1782 2813 1820 2845 ut
