1924 3157
562 162 613 196 ΠΕ
649 161 808 203 SEXTA,
846 162 889 196 IN
929 162 1144 196 PASSIONE
1186 161 1353 195 unitim.
1718 158 1779 192 123

139 232 239 282 quod
264 233 408 270 Novum
446 235 730 271 Testamentum
763 235 921 280 propter

136 283 252 319 Vetus
273 285 311 317 et
327 282 406 328 ejus
425 281 684 329 impletionem
701 285 812 324 esset,
833 290 918 316 cum

136 331 263 366 tamen
285 333 320 365 et
338 340 521 365 convorso
534 330 579 365 sit
599 341 606 373 ;
629 329 693 365 sed
718 328 800 364 ideo
824 338 919 373 prze-

133 376 274 413 dictum
295 382 363 421 est,
386 376 474 423 quia
501 388 568 424 per
600 376 789 413 Christum
827 386 916 410 con-

135 425 403 461 summandum
428 428 509 461 erat
527 437 535 469 ;
571 425 641 460 hoc
681 422 781 459 enim
820 423 916 458 facto

134 471 289 518 impleta
309 475 367 508 est
401 472 597 518 Scriptura
631 469 852 517 prophetiae,
881 473 917 505 ct

131 520 183 555 sic
206 519 241 555 iu
264 519 348 555 aliis
368 530 435 556 suo
460 520 570 555 modo
604 518 786 562 intellige.
811 519 917 553 De'aeic

131 577 248 614 ergo:
277 569 384 611 Silio,
407 567 550 603 scilicet
583 565 778 602 hominum
812 565 913 600 salu-

131 617 220 659 tem,
244 613 331 660 quia
353 615 449 650 hanc
470 612 658 650 desiderio
689 611 845 648 cordiali
869 612 915 647 si-

130 661 225 706 tivit,
248 661 421 698 videlicet
441 661 540 696 sitim
563 660 710 704 sitiens,
728 659 763 694 itl
780 663 836 695 est
853 659 914 695 de-

128 708 314 753 siderans,
335 714 375 745 ut
397 719 465 745 nos
484 708 677 744 sitiremus
698 710 839 743 iontem
863 706 915 742 vi·

102 784 106 789 .
131 766 230 792 vum.
254 757 330 792 Hoc
357 753 724 802 quirituHT‘Ve'rbuni‚
748 753 816 791 suit
839 764 915 790 ma-

131 802 227 839 xime
264 803 558 840 consolatorium
595 802 764 838 omnium
801 801 915 838 totius

127 850 302 887 Ecclesiae
322 851 504 895 fidelium,
520 851 672 897 quando
689 849 794 893 dixit,
811 851 910 895 sitio,

127 897 270 934 scilicet
290 898 450 935 salutem
471 899 694 941 humanam,
713 897 910 933 ferventis-

125 945 219 981 simo
237 945 442 982 desiderio.
461 947 502 982 In
524 946 595 982 hoc
617 946 717 981 enim
740 944 908 981 ostendi·

125 997 189 1029 tur
209 993 288 1040 ejus
310 993 448 1029 ardens
469 993 703 1030 desiderium
725 993 770 1028 tle
789 993 910 1029 salute

123 1041 277 1087 generis
311 1041 482 1085 humani,
510 1043 574 1087 qui
609 1042 688 1076 vult
711 1051 831 1076 omnes
853 1042 912 1076 ho-

125 1089 240 1123 mines
256 1089 377 1124 salvos
394 1090 474 1134 fieri
490 1100 499 1132 ;
520 1098 607 1124 nam
623 1088 828 1124 vehemens
845 1088 910 1124 de-

126 1134 309 1172 siderium
323 1137 534 1182 exprimere
557 1134 824 1172 consuevimus
844 1145 912 1182 per

127 1182 244 1219 sitim.
268 1183 364 1219 Dicit
392 1183 492 1219 euim
522 1183 722 1219 psalmista
749 1197 757 1219 :
783 1184 913 1220 Sz‘tz'vit

126 1233 250 1266 anima
260 1242 339 1266 mea
349 1231 398 1266 ad
410 1233 520 1267 Deum
535 1232 666 1275 fortem
683 1232 820 1266 vivum.
836 1232 910 1267 Un-

123 1277 170 1314 de
181 1279 403 1314 Bernartius:
419 1292 435 1313 «
453 1278 558 1323 Sitio,
571 1277 816 1323 aitChristus,
835 1288 911 1314 nou

127 1325 251 1364 doleo.
267 1326 294 1363 O
308 1325 578 1372 Domine,quid
590 1326 689 1362 sitis?
704 1327 832 1362 Fidem
848 1336 910 1362 ve-

124 1376 256 1419 stram,
278 1375 437 1410 salutem
458 1378 636 1417 vestram,
653 1373 832 1420 gaudium
848 1384 912 1410 ve-

125 1421 784 1466 strum;plusanimarumvestrarum
798 1432 911 1467 quam

124 1469 293 1515 corporis
318 1469 390 1505 mei
412 1469 600 1505 cruciatus
620 1479 678 1505 me
696 1472 813 1508 tenet,
832 1469 909 1505 etsi

125 1526 201 1552 non
212 1515 298 1561 mei,
310 1516 442 1553 saltem
452 1518 565 1553 vestri
577 1516 823 1553 miseremini.
836 1530 851 1550 i)
868 1518 911 1552 Et

124 1564 280 1600 iterum:
303 1577 320 1598 «
344 1565 371 1600 Ο
389 1565 487 1601 boue
508 1566 612 1608 Jesu,
633 1575 810 1600 coronam
832 1564 908 1611 spi-

123 1621 233 1647 neam
263 1612 439 1657 sustines,
467 1612 513 1648 de
543 1616 607 1648 tua
641 1622 765 1656 cruce,
801 1615 837 1648 et
862 1612 909 1648 de

122 1658 342 1695 vulneribus
364 1659 438 1695 tuis
465 1664 579 1703 taces,
603 1663 639 1695 et
659 1670 725 1705 pro
748 1659 827 1695 sola
847 1659 905 1695 siti

120 1706 272 1750 clamas,
291 1707 434 1751 dicens,
455 1709 553 1742 sitio.
573 1706 667 1750 Quid
683 1718 772 1753 ergo
793 1707 908 1743 sitis?

85 1760 95 1791 l
124 1753 234 1790 Certe
253 1753 372 1790 solam
398 1754 698 1801 redemptionem
724 1754 905 1799 hominis,

83 1812 87 1821 ⁸
122 1805 159 1838 et
183 1801 367 1848 gaudium
395 1802 571 1838 humanas
607 1801 750 1838 salutis.
777 1816 795 1835 »
837 1803 908 1839 Per

81 1853 84 1857 ⁴
119 1848 191 1885 hoc
213 1850 370 1886 verbum
391 1850 580 1896 quintum,
601 1850 782 1886 docemur
803 1850 906 1886 salu-

122 1901 199 1933 tem
224 1901 393 1933 nostram
413 1897 644 1943 desiderare,
666 1902 701 1933 et
723 1902 907 1934 aeternam

120 1943 236 1980 vitam
272 1949 463 1991 appetere.
504 1946 609 1982 Un‹te
639 1946 872 1990 Auqustz'nus
894 1959 905 1981 .-

123 2004 143 2026 «
163 1992 341 2038 AdJ'ecisti
360 1992 487 2031 etiam.
517 1992 674 2029 Domine
701 1995 789 2029 Jesu
805 1993 908 2031 Chri-

122 2042 192 2083 ste,
226 2042 324 2076 sz'tz'o.
354 2040 450 2083 Quid
476 2039 571 2081 sitis,
603 2040 762 2076 Domine
788 2041 908 2078 Jesu?

122 2087 260 2123 Vinum
276 2087 323 2124 de
338 2087 427 2133 vite,
443 2093 509 2124 aut
520 2098 656 2134 aquam
673 2089 716 2124 de
728 2088 906 2126 flumine?

122 2133 210 2172 Sitis
232 2137 310 2180 tua,
330 2136 426 2172 salus
443 2145 550 2179 mea;
573 2136 678 2172 cibus
697 2139 797 2181 tuus,
826 2137 908 2173 red-

121 2182 263 2229 emptio
295 2193 392 2219 mea.
423 2182 490 2220 Siti
509 2183 635 2229 igitur,
655 2185 782 2220 anima
806 2195 905 2230 mea,

122 2233 160 2266 et
175 2229 362 2275 desidera,
383 2231 480 2266 sicut
500 2230 693 2267 desiderat
710 2242 842 2268 cervus
857 2235 903 2269 ad

121 2277 244 2314 sontes
264 2288 462 2324 aquarum,
500 2279 604 2315 illum
630 2278 802 2316 videlicet
841 2280 904 2327 qui

120 2324 236 2378 sitivit
250 2329 298 2361 te.
317 2327 446 2362 Nonne
462 2327 575 2363 taedet
592 2331 640 2371 te,
661 2326 789 2364 anima
805 2338 903 2373 mea,

120 2376 363 2419 intemperies
403 2373 516 2419 aeris,
558 2374 732 2410 molestia
759 2375 902 2419 carnis,

119 2424 156 2456 et
177 2420 302 2456 cordis
324 2431 449 2467 pugna
479 2431 563 2457 cum
601 2421 716 2467 vitiis,
738 2422 903 2459 varietas

120 2468 266 2512 formae,
290 2468 448 2504 mutatio
485 2474 522 2505 et
555 2468 782 2506 incertitudo
805 2474 900 2506 tein-

121 2515 240 2562 poris,
263 2516 490 2561 exspectatio
523 2519 560 2552 et
584 2517 696 2553 timor
731 2519 864 2554 mortis
886 2518 903 2554 ‘?

122 2562 195 2599 Cur
217 2562 332 2607 igitur
353 2574 428 2599 non
448 2564 552 2610 cupis
572 2563 740 2609 dissolvi,
760 2568 798 2601 et
818 2575 901 2602 esse

122 2620 205 2646 cum
227 2609 408 2647 Clu-isto?
436 2611 511 2647 Cur
551 2614 586 2647 te
621 2615 789 2648 retardat
825 2612 901 2649 vita

122 2657 305 2701 mortalis,
330 2662 365 2693 et
385 2668 459 2693 non
485 2663 662 2705 provocat
683 2665 718 2696 te
749 2659 826 2696 vita
846 2660 902 2696 vi-

121 2705 220 2747 talis,
259 2705 452 2741 beatitudo
480 2705 644 2750 fontalis,
683 2708 843 2744 societas
867 2712 903 2744 et

123 2751 251 2788 laetitia
272 2751 525 2805 spiritualis?
561 2753 738 2791 Desidera
771 2755 902 2802 igitur,

124 2803 161 2835 et
177 2800 376 2837 considera
398 2811 512 2847 quam
543 2810 681 2847 magna
701 2802 901 2839 multitudo

995 231 1204 268 dulcedinis
1225 236 1314 277 ture,
1341 241 1456 278 quam
1487 229 1654 277 gloriosa
1676 228 1777 266 dicta

994 283 1081 316 suut
1104 280 1150 315 de
1175 279 1334 316 Civitate
1355 278 1439 323 Dei,
1459 277 1530 315 ‘nbi
1568 281 1625 314 est
1648 277 1775 313 lumen

994 326 1093 370 vitae,
1113 326 1196 363 sons
1216 327 1331 363 totius
1353 324 1577 371 dulcedinis,
1599 330 1636 361 et
1656 323 1774 361 beati-

993 374 1082 410 tudo
1109 374 1304 420 utriusque
1326 373 1513 410 hominis:
1535 387 1553 406 »
1592 374 1671 409 haec
1694 373 1772 407 Λιι-

991 424 1172 466 qustinzcs.
1194 423 1233 457 lu
1254 423 1321 456 lior
1343 426 1467 457 auti-m
1492 421 1606 457 verbo
1626 418 1774 457 Domini

992 469 1059 504 suit
1082 479 1218 515 magua
1240 469 1448 514 compassio
1470 468 1613 512 Matris,
1653 470 1689 502 ct
1716 477 1774 503 so-

989 516 1147 552 ctiarum
1172 517 1268 563 eJ'us,
1288 519 1324 551 et
1346 515 1531 558 Joaunis;
1557 520 1593 551 ct
1614 514 1776 551 maxima

989 563 1186 600 exsultatio
1206 563 1280 599 illis
1299 563 1483 608 pessimis.
1502 565 1593 599 Nam
1609 563 1695 599 licet
1711 572 1773 598 ex-

988 613 1076 658 poni
1100 611 1219 658 possit
1237 612 1336 657 quod
1358 610 1508 646 sitiebat
1526 611 1699 654 salutem,
1719 613 1774 645 ta-

988 669 1074 694 men
1089 659 1137 695 ad
1159 658 1325 695 litteram
1341 657 1530 693 aestimare
1553 661 1657 703 potes
1674 656 1774 702 quod

988 705 1026 742 in
1043 706 1200 743 veritate
1220 706 1378 742 multum
1394 705 1545 741 sitiebat
1562 716 1569 748 ;
1589 704 1676 750 quia
1691 714 1775 750 pro-

987 757 1072 800 pter
1108 753 1266 789 nimium
1293 754 1478 796 laborem,
1503 755 1541 787 et
1576 750 1775 796 sanguinis

988 801 1285 845 emanationem,
1305 805 1406 837 totus
1439 799 1649 836 desiccatus
1675 798 1775 834 intus

987 853 1025 885 et
1046 849 1235 886 arefactus
1253 853 1290 885 et
1308 849 1462 894 adustus
1483 851 1579 890 erat,
1616 849 1653 882 et
1686 856 1773 892 pro-

987 900 1072 943 pter
1099 898 1170 933 hoc
1201 896 1353 933 sitiebat
1386 905 1501 941 supra
1528 893 1695 935 modum,
1736 896 1773 928 et

989 943 1074 980 talis
1095 944 1176 981 sitis
1213 948 1270 981 est
1297 943 1503 980 maximum
1526 945 1772 977 tormentum.

1035 996 1079 1036 44
1102 993 1278 1029 Celusius
1315 1002 1475 1027 POTATUR
1510 1000 1635 1026 Aemo.
1657 1008 1703 1015 —
1731 989 1774 1023 Et

988 1050 1072 1075 cum
1093 1039 1144 1075 illi
1165 1040 1321 1085 maligni
1339 1038 1508 1085 cogitare
1526 1047 1601 1073 uon
1619 1037 1775 1083 possent

988 1087 1024 1122 in
1047 1098 1120 1133 quo
1148 1087 1310 1134 amplius
1340 1087 1374 1122 ei
1402 1088 1597 1127 nocerent,
1623 1093 1775 1129 accepe-

987 1138 1075 1171 runt
1106 1135 1266 1171 vexandi
1304 1132 1515 1170 materiam.
1554 1133 1618 1168 Illi
1653 1135 1774 1166 autem

986 1185 1179 1229 spongiam
1187 1184 1334 1229 plenam
1348 1185 1448 1217 aceto
1461 1182 1615 1225 hyssopo
1627 1181 1774 1215 circum-

986 1235 1157 1276 ponentes
1176 1231 1384 1266 obtulerunt
1407 1231 1463 1264 ori
1497 1227 1604 1273 ejus;
1645 1230 1682 1262 et
1720 1226 1772 1262 sic

987 1278 1174 1314 dederunt
1192 1277 1227 1315 ei
1253 1278 1293 1314 in
1314 1275 1486 1324 spongia,
1512 1285 1597 1321 quae
1618 1277 1772 1327 propter

989 1325 1233 1370 porositatem
1265 1325 1312 1362 de
1345 1328 1450 1361 aceto
1478 1323 1637 1359 multum
1657 1322 1770 1357 imbl-

986 1374 1107 1418 berat,
1138 1372 1317 1410 arundIni
1339 1370 1529 1418 imposita,
1557 1375 1598 1406 ut
1619 1378 1769 1422 sui-sum

987 1422 1033 1456 ad
1052 1431 1094 1457 os
1109 1421 1354 1468 pertingeret,
1373 1430 1416 1455 ac
1432 1419 1593 1465 hyssopo
1616 1425 1773 1452 circum-

987 1467 1109 1513 posita
1130 1472 1167 1505 et
1194 1467 1466 1514 circumligata,
1489 1469 1530 1502 ut
1552 1475 1617 1511 per
1636 1465 1769 1510 hysso-

987 1527 1075 1562 pum
1115 1517 1273 1552 herbam
1312 1523 1481 1551 amaram
1521 1513 1568 1549 de
1611 1511 1770 1559 spongia

986 1568 1150 1610 sugeret,
1167 1567 1316 1600 acetum
1332 1574 1396 1598 scu
1415 1561 1542 1597 vinum
1560 1565 1769 1606 acetosum,

985 1621 1068 1647 cum
1088 1611 1174 1648 selle
1204 1612 1378 1655 mixtum,
1414 1619 1479 1645 seu
1518 1608 1768 1654 myrrhatum,

984 1659 1094 1705 quale
1118 1660 1233 1695 etiam
1269 1658 1341 1694 sibi
1371 1656 1592 1704 priusquam
1617 1664 1767 1691 crucem

983 1707 1208 1742 ascenderat
1230 1705 1538 1752 propinaverant.
1579 1702 1638 1738 Sic
1675 1712 1765 1748 ergo

983 1753 1038 1790 bis
1060 1758 1210 1800 potatus
1242 1754 1335 1789 fuit:
1360 1756 1397 1789 et
1429 1755 1518 1788 ante
1552 1749 1766 1802 crucifixio-

983 1811 1085 1846 nem,
1109 1807 1146 1838 et
1170 1803 1207 1837 in
1233 1799 1492 1837 crucifixione.
1519 1799 1563 1834 Et
1589 1801 1646 1833 est
1670 1801 1766 1833 ratio

981 1848 1201 1895 potationis,
1229 1852 1266 1885 et
1287 1848 1383 1884 ratio
1405 1844 1672 1898 geminationis
1693 1846 1764 1880 hu-

977 1899 1054 1943 jus,
1083 1896 1221 1933 Dicunt
1250 1896 1352 1932 enim
1375 1894 1542 1941 quidam,
1566 1892 1766 1929 cruoliixos

983 1943 1091 1980 citius
1114 1943 1209 1980 mori
1229 1943 1260 1980 si
1279 1947 1386 1980 aceto
1406 1946 1599 1989 potentur,
1621 1943 1658 1976 et
1679 1939 1764 1993 ideo

982 1996 1132 2038 potatus
1152 1996 1209 2028 est
1232 1991 1318 2035 iste,
1339 1995 1375 2027 et
1395 2000 1472 2026 non
1497 1989 1574 2033 alii,
1596 1991 1638 2023 ut
1659 1989 1766 2023 citius

983 2044 1195 2076 moreretur
1220 2050 1229 2076 ε
1256 2043 1293 2075 et
1312 2039 1396 2083 hoc,
1420 2039 1476 2073 vel
1498 2036 1678 2072 instinctu
1699 2036 1766 2072 Ju-

982 2087 1167 2131 daeorum,
1183 2088 1246 2133 qui
1264 2087 1467 2133 captabant
1483 2083 1644 2136 maxime
1663 2093 1764 2118 mor-

981 2139 1057 2171 tem
1079 2135 1237 2179 Christi3
1256 2135 1315 2170 vel
1335 2144 1377 2170 ex
1394 2132 1506 2169 taedio
1528 2131 1703 2170 militum.
1723 2133 1766 2166 ut

981 2182 1091 2219 citius
1113 2193 1136 2218 a
1156 2182 1328 2219 custodia
1353 2182 1437 2227 eJus
1463 2179 1765 2222 absolverentur,

981 2229 1070 2276 quia
1089 2230 1254 2266 taedebat
1275 2240 1341 2265 eos
1362 2229 1412 2264 ibi
1430 2226 1584 2264 morari.
1607 2227 1763 2278 Compe-

980 2278 1025 2313 tit
1051 2281 1178 2314 autem
1206 2276 1385 2324 mysterio
1428 2274 1579 2321 gemina
1605 2276 1762 2320 potatio,

980 2329 1135 2372 propter
1151 2325 1342 2371 geminam
1357 2332 1561 2370 personam
1579 2331 1662 2368 quae
1678 2330 1767 2367 pec-

980 2377 1144 2414 caverat,
1168 2375 1318 2418 gustato
1340 2372 1442 2418 ligno
1476 2369 1605 2413 vetito,
1627 2379 1669 2404 ex
1691 2378 1765 2415 qua

980 2420 1160 2456 damnata
1177 2423 1258 2456 erat
1278 2418 1428 2465 generis
1448 2415 1604 2454 humani
1621 2426 1766 2462 propa-

979 2469 1096 2513 gatio.
1120 2469 1163 2503 In
1190 2468 1261 2503 hoc
1283 2468 1396 2502 etiam
1414 2470 1505 2513 potu
1532 2474 1678 2507 amaro,
1701 2465 1767 2500 Ju-

979 2516 1050 2551 daei
1071 2514 1364 2551 amaritudinem
1385 2524 1462 2549 suae
1489 2521 1677 2559 perversae
1702 2521 1766 2547 vo-

979 2562 1132 2598 luntat1s
1159 2564 1422 2605 ostenderunt,
1460 2559 1548 2607 quia
1583 2561 1765 2609 quantum

977 2614 1167 2656 poteraut,
1207 2613 1355 2646 tantum
1390 2608 1423 2645 ei
1452 2611 1675 2644 nocuerunt.
1716 2607 1767 2641 De

978 2668 1138 2704 quorum
1166 2656 1325 2701 malitia,
1358 2656 1412 2692 sic
1434 2655 1524 2692 dicit
1548 2656 1765 2698 chrysosto-

978 2715 1057 2740 mus
1079 2716 1086 2742 :
1113 2721 1128 2738 u
1162 2706 1216 2741 Tu
1242 2708 1368 2741 autem
1393 2703 1485 2739 mihi
1509 2701 1761 2754 temeritatem

977 2762 1109 2789 eorum
1129 2751 1193 2800 qui
1230 2752 1456 2789 assistebant
1488 2751 1626 2796 cogita,
1655 2751 1699 2801 Et
1729 2759 1758 2784 si

979 2799 1107 2836 decem
1143 2799 1261 2836 millia
1296 2798 1543 2837 habuerimus
1582 2798 1760 2833 inimico-
