1924 3157
539 149 588 183 ΠΕ
627 148 807 184 Tuum.

123 221 312 269 parabant
339 229 376 256 se
406 218 637 255 mundando.
664 218 708 252 Et
735 225 901 268 congrue

123 272 229 306 sexta
252 268 312 304 die
339 265 576 310 crucifigitur
596 265 791 317 Dominus,
813 272 902 315 quia

123 327 192 364 per
223 325 373 352 crucem
399 313 589 357 reparavit
611 314 899 363 hommem-qui

123 368 228 401 sexta
247 363 307 399 die
323 363 430 398 aDeo
443 362 564 397 sactus
578 363 647 396 est.
660 361 770 395 Sexta
785 361 900 411 etiam

123 412 220 448 hora
240 409 424 446 Dominus
443 419 512 455 pro
534 406 686 444 homine
705 409 762 459 est
779 416 900 441 cruci-

124 460 232 502 fixus,
254 457 344 504 quia
373 460 478 492 sexta
496 457 589 491 hora
615 454 728 490 homo
750 463 786 488 in
813 462 899 498 pec-

123 511 252 543 catum
274 508 329 541 est
352 504 492 551 lapsus.
519 503 627 546 Nam,
649 504 688 537 ut
709 499 801 536 dicit
818 501 902 535 Hie-

124 563 298 599 ronymus
320 564 330 587 ε
353 565 367 584 «ι
397 552 478 594 Qua
503 551 596 585 hora
617 547 764 595 primus
780 547 898 583 Adam

121 605 280 637 mortem
294 595 789 646 peccandoinduxit‚eade1n
806 595 900 631 hora

121 648 312 685 secundus
347 645 468 682 Adam
503 647 665 680 mortem
696 642 898 679 moriendo

121 693 318 732 destruxit.
339 706 359 726 n
388 694 500 729 Sexta
522 700 669 738 quoque
690 691 798 729 hora.
826 700 900 736 qua

120 743 244 789 major
262 741 388 777 servor
402 738 475 775 diei
491 737 737 784 est,cruciligi
756 737 896 782 voluit;

120 790 167 827 ad
187 787 462 826 ostendendum
483 786 582 833 quod
604 796 648 822 ex
673 796 811 838 magn-o
828 785 900 821 ser-

119 847 210 874 vore
227 834 395 873 caritatis
410 844 544 881 passus
559 833 619 869 sit.
634 834 738 870 Tunc
753 833 897 870 Pilatus

115 884 231 933 Jussit
251 885 383 921 Jesum
403 881 482 918 sisti
497 880 656 928 judicio,
677 883 710 917 et
729 881 898 927 allegans

118 943 188 980 pro
209 932 292 979 ejus
311 929 643 975 liberatione,dicit
657 929 901 975 Ju‹laez'S‚qua-

119 981 150 1017 si
172 990 237 1016 eos
253 977 523 1015 subsannando
547 987 556 1012 ε
577 978 666 1013 Ecce
682 986 748 1012 rece
768 980 896 1012 vester.

120 1026 231 1064 Prius
261 1026 407 1063 dixerat
436 1036 445 1061 ι
479 1026 570 1061 Ecce
601 1025 703 1060 homo
733 1023 897 1070 ignomi-

119 1074 223 1112 niam
244 1072 392 1110 Domini
412 1071 691 1115 demonstrans‚
707 1076 749 1107 ut
765 1082 829 1108 eos
851 1071 898 1107 ad

120 1121 380 1159 miserendum
409 1121 592 1164 moveret,
621 1129 722 1155 nunc
746 1129 834 1156 vero
858 1122 898 1156 ut
930 1119 933 1123 “

119 1180 186 1207 eos
206 1167 327 1215 magis
350 1171 513 1212 moveat,
536 1166 678 1202 ironice
700 1167 754 1203 eis
775 1166 899 1203 insul-

118 1221 188 1262 tat,
216 1216 347 1254 dicens
368 1226 378 1251 ε
398 1217 488 1251 Ecce
519 1225 585 1250 reae
619 1217 749 1251 vester.
773 1213 897 1250 Primo

120 1265 331 1302 conabatur
359 1272 445 1299 eum
466 1261 644 1306 liberare,
671 1272 740 1308 per
761 1261 899 1298 Christi

120 1311 352 1357 ludibrium;
378 1309 542 1346 secundo
569 1314 710 1353 autem,
737 1320 806 1357 per
831 1311 896 1346 Ju-

120 1360 291 1398 daeorum
317 1357 578 1405 opprobrium.
605 1356 719 1401 Quasi
756 1357 898 1394 diceret

120 1407 200 1445 eis:
220 1406 358 1444 Mirum
374 1408 444 1449 est,
464 1405 564 1452 quod
579 1406 679 1441 hunc
703 1404 898 1442 hominem

121 1455 366 1502 flagellatum,
389 1453 541 1489 illusum
568 1456 605 1489 et
634 1453 823 1500 abjectum
845 1453 897 1489 di-

122 1503 206 1540 citis
218 1511 400 1548 usurpare
422 1499 494 1537 sibi
514 1511 689 1547 regnum.
708 1500 808 1537 Talis
830 1501 896 1536 ho-

122 1561 182 1588 mo
210 1554 267 1586 est
296 1548 397 1596 quod
428 1559 587 1594 reguum
620 1547 814 1592 invadere,
838 1548 896 1584 vel

121 1601 275 1646 captare
294 1606 371 1633 non
390 1597 531 1643 possit3
551 1595 652 1632 unde
671 1596 897 1632 erubescere

120 1644 266 1683 debetis
287 1643 387 1691 quod
411 1654 498 1680 eum
517 1654 599 1679 esse
619 1653 749 1689 regem
770 1642 897 1679 formi-

121 1693 233 1730 datis.
255 1690 545 1738 compatiamini
561 1701 650 1737 ergo
664 1691 732 1736 illi,
749 1690 837 1737 quia
850 1691 896 1727 de

120 1751 165 1778 eo
184 1739 318 1777 timere
349 1749 426 1775 non
449 1742 611 1785 oportet,
633 1739 689 1775 vel
713 1739 785 1775 tale
806 1738 897 1785 quid

121 1786 318 1835 suspicari.
342 1787 386 1823 Et
400 1789 529 1823 tamen
547 1786 688 1823 Pilatus
697 1797 810 1833 super
824 1788 896 1823 hoc

118 1835 228 1873 timet
245 1835 292 1872 ab
313 1834 367 1871 eis
387 1835 487 1881 apud
505 1835 696 1871 Caesarem
711 1834 895 1880 accusari,

121 1888 159 1921 et
177 1893 247 1920 sua
261 1884 448 1930 potestate
465 1881 620 1929 privari.
645 1883 715 1919 Ubi
735 1883 893 1928 Chryso-

119 1934 259 1968 stomus
275 1944 284 1967 :
308 1931 383 1966 «Et
397 1929 578 1968 nimirum
590 1940 676 1977 quae
691 1929 791 1967 dicta
807 1932 896 1966 sunt

121 1982 229 2016 erant
249 1976 491 2022 sufficientia,
515 1982 554 2015 ut
572 1978 742 2014 facerent
761 1988 826 2014 eos
850 1978 895 2014 de

121 2031 247 2064 cetero
271 2026 318 2062 ab
341 2025 400 2061 ira
431 2036 601 2070 cessare;
634 2026 700 2062 sed
733 2025 897 2072 trepida-

121 2075 214 2112 bant
233 2084 279 2110 ne
303 2071 480 2110 dimissus
501 2084 631 2111 rursus
655 2073 807 2110 turbam
828 2073 896 2110 du-

123 2125 196 2168 cat,
217 2124 255 2158 et
273 2120 400 2157 omnia
420 2132 486 2168 pro
502 2122 573 2157 hec
589 2122 764 2167 agebant.
782 2123 898 2158 Amor

123 2170 226 2208 enim
244 2167 493 2216 principatus,
513 2173 705 2206 versutum
721 2168 812 2216 quid
827 2173 898 2214 est,

123 2221 160 2255 et
197 2217 364 2254 animam
394 2216 584 2254 sufficiens
609 2217 788 2264 perdere;
810 2227 898 2265 pre-

123 2268 255 2313 pterea
273 2263 396 2310 magis
413 2264 616 2301 insistunt:
637 2278 656 2297 »
674 2266 737 2301 Illi
763 2269 898 2310 autem,

123 2311 267 2350 scilicet
285 2311 405 2349 Judaei
421 2311 517 2349 sicut
531 2311 739 2357 furibundi,
762 2314 900 2349 clama-

125 2361 227 2402 bant,
248 2362 286 2396 et
307 2370 350 2396 ex
372 2359 606 2397 abundantia
625 2360 778 2397 malitiae
798 2360 901 2406 inge-

123 2407 305 2445 minando
325 2407 526 2444 dicebant:
551 2408 662 2450 Tolle,
682 2409 781 2450 tolle,
801 2407 902 2445 scili-

125 2460 184 2493 cet
203 2455 251 2492 ad
271 2459 447 2501 mortem,
465 2458 500 2491 et
517 2466 594 2491 non
613 2455 661 2492 ad
677 2466 901 2502 quamcum-

850 147 887 180 lx
929 145 1143 181 PlsSloNF,
1184 147 1361 182 DOMINI.

937 1453 941 1530 Ι

937 1534 940 1552 l

936 1657 940 1709 1

935 1966 941 2169 l

938 2170 942 2268 ι

126 2513 213 2551 que,
232 2502 299 2539 sed
319 2503 366 2540 ad
385 2502 662 2550 turpissimam:
685 2503 770 2540 ideo
792 2503 904 2550 expli·
944 2539 946 2547 ,

943 2563 946 2641 ί

125 2646 278 2690 bantur,
291 2649 460 2682 etmorte
474 2646 903 2692 exprobratissima,ser·
944 2646 947 2684 l
980 2644 1041 2688 sti,
1064 2655 1147 2680 cum
1173 2654 1241 2690 pro
1261 2644 1341 2690 ejus
1362 2643 1644 2690 procuratione,
1669 2656 1757 2681 con-

126 2555 253 2588 cantes
265 2561 385 2596 genus
397 2550 543 2594 mortis,
556 2550 805 2587 addiderunt:
820 2553 904 2589 Cru-

126 2601 230 2644 cifiqe
239 2608 332 2635 eum.
351 2598 566 2634 Interlicere
580 2597 679 2634 enim
695 2609 780 2635 eum
795 2609 905 2635 cona-

127 2692 372 2730 midantesne
383 2693 509 2740 aliqua
519 2693 598 2740 ejus
608 2697 692 2740 post
703 2693 824 2740 ipsum
838 2694 905 2730 fiat

126 2740 323 2778 memoria.
348 2741 460 2786 Quasi
481 2739 654 2777 dicerent
676 2752 684 2777 :
702 2741 805 2778 Tolle
818 2751 904 2779 eum

128 2799 151 2828 a
170 2788 293 2836 nobis,
311 2791 347 2827 et
370 2791 572 2838 conspectu
595 2791 724 2826 nostro
748 2799 757 2825 t
780 2788 905 2838 gravis

1720 151 1758 182 5³3

977 214 1080 250 enim
1098 218 1152 251 est
1175 215 1282 251 nobis
1296 216 1343 252 ad
1361 214 1582 262 videndum,
1596 227 1664 253 ucc
1676 228 1758 265 pos-

977 271 1106 298 sumus
1125 274 1209 298 eum
1232 263 1384 308 videre;
1405 264 1589 311 auserque
1608 275 1693 302 euni
1711 265 1757 301 de

976 309 1114 353 medio,
1138 314 1174 345 et
1209 310 1395 347 interfice.
1420 313 1466 348 At
1499 316 1639 359 quanto
1672 313 1758 366 plus

976 357 1197 401 audiebant,
1225 359 1325 403 quod
1358 359 1499 396 Pilatus
1524 360 1635 396 vellet
1661 360 1755 397 libe-

975 414 1062 440 rare
1083 414 1184 448 eum,
1205 407 1309 440 tauto
1333 406 1454 450 magis
1478 407 1696 444 clamabant
1716 407 1754 444 in

976 453 1223 488 contrarium.
1248 452 1315 489 Ubi
1338 455 1434 489 Beata
1454 467 1464 490 :
1488 469 1506 487 «
1525 455 1619 498 Quia
1638 458 1757 491 totam

976 498 1271 545 accusationem,
1295 510 1407 546 quam
1430 501 1610 538 adversus
1632 503 1757 539 Domi-

975 557 1066 582 num
1094 547 1325 590 detulerant,
1359 549 1491 585 crebra
1523 553 1560 586 et
1592 550 1756 587 sollicita

978 593 1085 629 Pilati
1122 594 1419 640 interrogatione
1452 596 1631 633 videbant
1661 608 1757 634 cva-

975 644 1124 677 cuatam
1142 653 1150 688 ;
1168 642 1322 678 tandem
1341 643 1516 689 impudici
1533 644 1580 680 ad
1599 645 1700 681 solas
1716 657 1756 682 se

972 699 1106 735 preces
1147 693 1387 734 convertunt,
1418 694 1458 727 ut
1484 692 1585 737 quod
1625 693 1756 728 crimi-

974 737 1115 780 nando,
1134 741 1171 773 et
1197 737 1303 784 quasi
1332 737 1591 775 ratiocinando
1613 740 1757 786 nequi-

974 788 1120 829 verant,
1133 785 1212 831 Jam
1229 785 1456 830 postulando
1471 790 1507 822 et
1517 785 1756 824 vociferando

974 831 1187 878 perficiant.
1207 833 1326 876 Quem
1342 833 1477 869 exinde
1492 834 1666 871 ordinem
1687 846 1755 871 saz-

976 880 1116 924 viendi,
1155 880 1268 917 etiam
1306 881 1504 918 beatorum
1546 883 1756 929 Martyrum

975 931 1235 974 persecutores
1263 928 1440 972 tenuisse,
1470 928 1561 965 satis
1581 930 1757 967 ecclesia-

975 974 1313 1012 sticademonstrat
1327 975 1498 1012 historia:
1516 990 1534 1009 »
1551 977 1752 1014 haecBeda.

974 1023 1192 1059 Dulcissime
1222 1025 1320 1067 Jesu,
1344 1025 1428 1074 quis
1463 1027 1538 1060 tam
1571 1025 1687 1062 durus
1722 1029 1756 1062 et

974 1071 1111 1115 impius
1132 1073 1215 1112 crit,
1243 1074 1284 1107 ut
1309 1072 1483 1107 clamores
1513 1073 1599 1108 illos
1635 1073 1755 1110 horri-

976 1118 1065 1154 biles
1086 1132 1097 1154 .-
1119 1120 1230 1160 Tolle,
1244 1119 1342 1160 tolle,
1368 1120 1537 1164 crucifige
1557 1129 1650 1163 eum,
1678 1123 1757 1157 sine

973 1168 1116 1212 Gemitu
1146 1170 1180 1202 et
1200 1167 1357 1202 clamore
1379 1168 1549 1212 spiritus,
1571 1178 1661 1203 aure
1679 1179 1755 1206 cor-

972 1216 1075 1262 poris
1095 1215 1219 1250 valeat
1239 1214 1382 1254 audire,
1401 1224 1463 1249 seu
1484 1219 1600 1251 mente
1619 1218 1757 1253 tracta-

972 1265 1039 1300 re?
1059 1263 1204 1299 Pilatus
1225 1271 1314 1298 vero
1340 1264 1540 1307 terrorem,
1565 1273 1677 1309 quem
1707 1264 1754 1300 de

974 1313 1122 1348 Caesare
1145 1309 1335 1355 ingerunt,
1352 1309 1474 1345 adhuc
1494 1320 1675 1357 superare
1698 1323 1756 1348 co-

975 1364 1100 1403 natur,
1117 1360 1154 1394 et
1171 1357 1301 1393 volens
1315 1356 1361 1392 dc
1380 1355 1627 1403 ipsorummet
1645 1358 1755 1405 igno-

975 1405 1091 1443 minia
1117 1415 1179 1441 eos
1205 1405 1394 1450 frangere,
1423 1414 1518 1450 quos
1541 1405 1588 1442 de
1615 1406 1753 1443 Christi

974 1452 1183 1502 ignominia
1206 1462 1282 1488 non
1303 1451 1425 1498 potuit
1449 1451 1636 1498 mitigare,
1659 1455 1754 1491 alle-

973 1511 1145 1548 gansque
1179 1499 1217 1536 in
1252 1498 1390 1535 Christi
1420 1499 1663 1538 crucifixione
1691 1513 1751 1539 en-

937 1553 940 1563 *
972 1549 1145 1586 rumdem
1159 1546 1442 1592 verecundiam,
1458 1547 1550 1584 (licit
1566 1550 1631 1591 eis,
1648 1549 1754 1596 quasi

973 1595 1247 1634 subsannando
1268 1606 1276 1630 :
1300 1596 1430 1638 Reyem
1453 1599 1610 1631 restrum
1631 1599 1752 1633 cruci-

972 1646 1114 1698 fiqamsf
1144 1642 1245 1689 quod
1282 1642 1471 1678 redundat
1513 1643 1551 1678 in
1586 1648 1753 1681 vestram

936 1724 939 1732 ,
972 1690 1235 1739 ignominiam.
1261 1688 1373 1732 Quasi
1396 1689 1540 1726 diceret
1567 1700 1576 1726 t
1600 1692 1650 1727 Ex
1678 1703 1752 1739 quo

936 1737 939 1745 ⁴
973 1750 1060 1776 eum
1096 1747 1258 1784 regnare
1289 1736 1516 1782 formidatis,
1538 1740 1576 1774 et
1605 1739 1685 1785 jam
1706 1740 1754 1776 de

972 1788 1044 1824 hoc
1070 1787 1172 1823 fama
1191 1794 1331 1831 magna
1351 1784 1434 1829 suit,
1457 1795 1534 1821 non
1556 1789 1613 1822 est
1631 1787 1754 1824 honor

971 1837 1096 1871 vester
1115 1832 1217 1880 quod
1231 1843 1295 1869 rex
1315 1835 1441 1869 vester
1462 1833 1750 1882 condemnetur,

972 1886 1009 1919 et
1029 1882 1101 1919 erit
1121 1880 1226 1917 vobis
1247 1879 1477 1917 verecundia
1502 1879 1533 1917 si
1555 1886 1677 1919 morte
1698 1882 1752 1920 sic

972 1931 1120 1977 abjecta
1141 1927 1339 1964 moriatur.
1356 1929 1401 1963 Et
1418 1927 1518 1974 ideo,
1533 1928 1564 1964 si
1583 1940 1660 1966 non
1676 1941 1754 1967 mo-

971 1975 1137 2014 veamini
1150 1976 1197 2013 ab
1212 1977 1293 2022 ejus
1307 1975 1533 2022 humilitate,
1550 1978 1684 2014 saltem
1696 1979 1756 2015 de-

972 2026 1036 2062 bet
1050 2035 1116 2061 vos
1134 2034 1287 2061 movere
1305 2028 1470 2059 vestrum
1488 2025 1751 2071 opprobrium,

973 2073 1074 2120 quod
1093 2075 1206 2116 esset,
1226 2071 1256 2108 si
1276 2070 1539 2117 crucifigerem
1561 2083 1660 2110 eum.
1679 2075 1753 2111 Sed

973 2121 1027 2158 illi
1049 2131 1088 2157 se
1110 2131 1132 2157 a
1154 2119 1327 2156 libertate
1348 2118 1454 2165 regni
1477 2119 1543 2156 Dei
1564 2124 1600 2156 et
1613 2121 1752 2158 Christi

975 2168 1380 2213 excludentes,1ugi1m
1409 2165 1551 2204 diaboli
1579 2178 1752 2216 sumpse-

975 2219 1063 2254 runt
1080 2227 1089 2260 ς
1112 2226 1156 2252 ac
1175 2218 1367 2262 perpetuae
1385 2214 1557 2251 servituti
1573 2218 1609 2252 et
1629 2221 1754 2264 tyran-

976 2263 1055 2300 nidi
1070 2274 1111 2300 se
1128 2263 1383 2309 subJecerunt.
1400 2262 1678 2309 Responderunt
1696 2270 1752 2301 et-

977 2310 1078 2348 enim
1102 2312 1292 2356 Pontifices
1315 2312 1404 2346 ante
1426 2309 1520 2346 alios
1546 2309 1716 2349 dicentes
1741 2323 1750 2348 ι

976 2361 1058 2398 Νοη
1079 2359 1124 2394 Ιια
1131 2359 1250 2394 bemus
1263 2368 1398 2403 regem,
1411 2359 1487 2393 nisi
1499 2358 1688 2396 caesarem.
1701 2361 1752 2396 Ex

978 2417 1052 2454 quo
1073 2408 1177 2454 patet
1192 2405 1294 2452 quod
1311 2408 1454 2442 extunc
1468 2410 1662 2453 perpetuas
1683 2409 1755 2444 lto-

978 2464 1179 2491 manorum
1206 2464 1246 2490 se
1272 2452 1535 2500 obligaverunt
1555 2455 1756 2502 subJectio-

978 2502 1031 2546 ni,
1056 2499 1320 2538 renuntiantes
1355 2501 1460 2537 omni
1504 2501 1612 2538 alteri
1640 2502 1755 2550 regia}

978 2548 1178 2595 dignitali;
1208 2552 1313 2595 patet
1339 2547 1455 2584 etiam
1478 2559 1612 2586 corum
1637 2550 1756 2587 obsti-

979 2597 1081 2634 natio
1103 2597 1150 2632 ad
1174 2596 1452 2642 procurandum
1472 2601 1632 2633 mortem
1655 2598 1759 2634 Chri-

980 2691 1066 2729 sessi
1090 2694 1176 2727 sunt
1202 2692 1238 2727 in
1256 2696 1480 2738 perpetuum
1505 2693 1650 2739 seipsos
1672 2694 1756 2730 sub-

976 2741 1101 2788 jectos
1121 2739 1304 2776 servituti.
1328 2738 1434 2776 Unde
1458 2740 1754 2786 chrysostomus:

983 2801 1002 2823 «
1021 2788 1243 2825 Abnuerunt
1269 2786 1335 2825 Dei
1366 2797 1527 2835 regnum
1561 2790 1599 2824 et
1626 2786 1755 2825 traditi
