1872 3147
359 157 410 191 1)ss
451 157 582 190 PRIMO
619 156 938 193 CONIPLETORIO.
978 158 1021 190 {N
1062 155 1276 191 l‘ASSlONE
1318 154 1482 189 nonnil.
1697 155 1738 188 27

107 226 282 273 laerymae
315 230 354 263 et
400 226 592 263 orationes
612 238 620 271 ;
658 226 768 263 aliter
807 237 879 262 non

106 285 273 320 possum,
295 284 363 310 nec
384 274 517 317 debeo,
553 274 742 310 resistere.
766 286 784 307 »
808 274 879 310 Sed

74 343 77 359 i
106 322 197 358 heu!
222 322 293 357 boc
316 321 426 357 hodic
450 321 554 357 inulti
581 320 723 368 praelati
748 332 880 367 parum

73 372 77 419 ’ᾗ
105 369 324 412 attendunt,
351 369 412 415 qui
440 369 580 413 regalia
606 380 629 405 a
656 368 806 414 regibus
833 368 880 404 ad

5 420 16 425 “
76 443 80 484 ι
105 417 346 463 pugnandum
364 416 568 463 accipiunt,
587 427 670 452 cnm
686 417 880 461 potiusre-

104 474 170 510 ges
188 465 235 500 ab
257 463 310 500 eis
333 464 453 499 cilicia
473 465 518 499 ad
542 463 800 510 poenitenduin
823 474 882 499 ac-

104 511 229 556 cipere
243 512 439 547 deberent.
458 512 500 546 Et
515 511 653 558 adjecit
670 511 851 547 Dominus
869 525 876 546 z

104 559 232 596 Omnes
255 560 349 595 enim
376 562 441 604 quii
466 560 670 604 acceperint
693 559 877 601 madium,

106 606 142 642 id
158 610 215 643 est
236 606 293 643 usi
317 605 456 642 suerint
476 606 621 652 gladio,
637 605 779 641 scilicet
799 616 882 651 pro-

105 653 188 700 pria
224 653 447 690 anctoritate
481 657 517 689 et
556 653 659 689 nulla
695 651 881 699 superiori

105 705 169 738 aut
198 700 369 747 legitima
401 704 584 746 potestate
618 700 685 740 vel·
707 701 880 747 jubente,

104 749 161 786 vel
197 748 442 791 concedente,
477 758 543 784 seu
571 748 710 794 inJuste
749 752 786 783 ct
813 758 880 794 pro

104 796 329 833 crudelitate
366 794 555 840 vindictae,
592 806 668 832 non
703 796 804 841 juste
845 798 882 831 et

103 854 233 891 amore
262 842 444 890 justitiae3
477 844 602 887 ρῐαάίο
635 844 820 888 peribunt,
844 842 882 878 id

103 896 160 928 est
183 890 265 938 ipsa
283 890 448 927 vindicta
469 890 541 927 erit
558 891 612 927 eis
631 901 744 926 causa
761 889 883 937 perdi-

102 938 230 983 tionis,
252 941 341 985 quia
362 938 464 984 digni
483 942 568 974 sunt
588 938 763 984 gladiari.
792 937 881 981 Qui-

103 997 263 1033 cumque
280 986 433 1023 molitur
446 986 582 1022 laedere
599 986 729 1029 alium,
743 988 882 1022 semet-

103 1033 225 1080 ipsum
242 1034 392 1080 proprio
410 1034 535 1080 jaculo
556 1033 718 1080 percutit
737 1045 745 1069 ι
767 1036 812 1069 Et
832 1035 886 1068 z'n-

104 1082 196 1118 cidit
215 1083 254 1118 in
269 1083 414 1125 foveam
434 1091 544 1127 quam
560 1081 673 1124 fodit.
693 1082 736 1116 Et
755 1079 887 1117 subdit

105 1130 285 1166 Dominus
308 1140 316 1165 t
342 1130 403 1165 An
436 1132 562 1175 putus,
585 1130 677 1174 quia
708 1139 783 1164 non
805 1138 888 1174 pos-

102 1187 182 1213 sum
195 1187 326 1221 roqare
341 1179 484 1212 Patrem
500 1187 630 1220 meum,
650 1179 683 1211 et
697 1176 886 1212 eoehibebit

103 1225 311 1260 vnihimodo
328 1226 413 1270 plus
438 1234 547 1270 quam
566 1224 756 1259 duodecim
778 1225 886 1268 leyz'o-

99 1283 163 1308 nes
192 1273 448 1316 Anqelorum?
471 1273 679 1317 Tamquam
714 1270 784 1307 sibi
824 1271 884 1307 di-

104 1324 195 1356 cat:
225 1321 297 1356 Per
335 1319 449 1356 aliam
477 1320 576 1355 viam
612 1329 764 1366 possum
798 1329 886 1355 eva-

104 1367 209 1411 dere,
232 1367 262 1404 si
283 1369 443 1411 vellem;
471 1377 547 1402 non
575 1366 725 1412 indigeo
748 1366 886 1402 auxilio

106 1415 307 1452 duodecim
328 1414 607 1462 Apostolorum,
637 1414 701 1460 qui
724 1424 885 1460 possem,

106 1462 136 1500 si
162 1463 310 1507 vellem,
332 1463 473 1499 habere
496 1462 698 1499 duodecim
721 1461 887 1508 legiones

104 1511 349 1553 Angelorum.
370 1511 462 1547 Cum
489 1520 579 1556 ergo
603 1515 725 1555 posset
746 1509 890 1556 accipe-

104 1569 145 1595 re
166 1558 347 1604 legiones,
371 1559 524 1594 nolebat
547 1557 740 1604 accipere;
762 1561 801 1594 ut
822 1567 889 1603 per

104 1605 326 1653 patientiam
349 1606 430 1652 ejus
454 1605 702 1652 implerentur
723 1604 888 1651 Scriptu-

105 1664 172 1698 rae,
197 1654 468 1700 prophetantes
500 1654 547 1689 de
582 1653 677 1699 ipso,
707 1653 888 1699 quoniam

105 1701 158 1738 ita
173 1711 259 1738 eum
278 1700 354 1748 pati
377 1700 629 1738 conveniebat
649 1701 696 1737 ad
717 1706 888 1736 nostram

105 1749 405 1796 redemptionem
434 1760 442 1785 ε
472 1748 560 1795 quia
581 1749 648 1785 etsi
676 1751 815 1784 nostrae
840 1746 882 1783 li-

104 1796 312 1833 berationis
334 1796 430 1832 alins
451 1796 587 1833 modus
607 1795 739 1832 suisset
765 1794 886 1842 possi-

104 1844 206 1884 bilis.
234 1844 364 1880 nullus
399 1849 527 1881 tamen
555 1843 607 1880 ita
635 1843 885 1888 conveniens,

106 1895 141 1928 et
163 1891 248 1928 ideo
270 1902 345 1928 non
363 1898 445 1928 erat
467 1893 571 1928 locus
593 1890 826 1928 defensionis
850 1894 888 1927 et

111 1939 349 1982 resistentiae,
368 1940 433 1975 sed
448 1939 568 1986 magis
587 1939 793 1986 patientiae.
809 1940 889 1975 Non

111 1987 233 2023 solum
249 1991 375 2023 autem
391 1987 502 2023 minis
519 1997 605 2023 eum
623 1986 809 2030 coliibnit;
825 1986 891 2022 sed

113 2040 149 2071 et
163 2035 274 2071 aliter
294 2035 510 2071 consolatur
528 2045 628 2078 eum,
647 2034 777 2071 dicens
798 2045 805 2070 :
828 2035 891 2071 Ca-

112 2084 216 2118 licem
239 2093 343 2128 quem
365 2083 467 2118 dedit
493 2084 584 2118 mihi
602 2084 725 2127 Pater,
747 2092 818 2118 non
841 2082 891 2117 bi-

114 2130 195 2166 bam
216 2132 350 2166 illum?
371 2129 483 2173 Quasi
509 2129 608 2166 dicat
631 2142 638 2167 :
659 2129 695 2167 Si
714 2133 814 2166 reete
833 2140 889 2165 sa-

110 2179 182 2225 pis,
211 2178 326 2214 debes
365 2178 597 2214 voluntatem
623 2180 726 2214 tuam
753 2177 892 2213 divinae

109 2224 294 2262 voluntati
336 2226 594 2267 conforinare‚·
637 2225 749 2262 aliter
789 2225 891 2261 enim

110 2272 185 2310 eris
221 2274 391 2317 Satanas,
420 2284 495 2310 non
530 2273 681 2320 sapiens
718 2283 802 2319 quae
827 2271 892 2308 Dei

111 2324 209 2357 sunt.
236 2320 450 2357 Secundum
469 2323 776 2366 Chrysostomum‚
795 2322 832 2356 in
848 2331 892 2356 eo

113 2368 214 2414 quod
234 2369 412 2404 Dominus
425 2368 544 2416 ipsam
562 2373 722 2405 mortem
736 2368 892 2404 calicem

111 2415 214 2460 dicit,
238 2426 351 2461 quam
390 2417 437 2452 sit
458 2420 566 2461 grata
590 2420 627 2453 et
648 2415 892 2463 acceptabilis

110 2473 178 2510 pro
201 2463 321 2500 salute
343 2463 558 2501 mortalium
580 2474 694 2507 mors,
721 2469 761 2500 ut
781 2463 892 2500 vide—

113 2517 188 2555 tur,
218 2510 408 2547 edisserit.

159 2573 198 2596 αι
219 2560 376 2596 SANATIO
395 2570 496 2594 saiwi
519 2571 561 2595 ET
580 2571 723 2596 emuna
743 2559 891 2595 CHRISTI

110 2618 308 2642 Annocnrio
330 2618 375 2643 Ao
402 2617 552 2643 TURBAS.
639 2608 748 2643 ,lesus
764 2611 891 2643 antem

112 2665 263 2691 servum
283 2653 445 2698 sanavit,
467 2654 677 2691 auriculam
707 2655 787 2700 ejus
807 2658 890 2691 tan-

111 2702 233 2749 gendo
258 2706 295 2738 et
316 2701 349 2738 ei
372 2701 620 2743 restituendo.
645 2707 685 2738 ut
705 2702 890 2749 adimple-

111 2755 170 2786 ret
186 2750 287 2796 quod
316 2753 551 2796 praeceperat
573 2761 582 2785 ε
602 2751 812 2794 Benefacz'te
834 2751 892 2786 his

112 2799 178 2845 qui
197 2798 351 2835 oderunt
368 2808 442 2835 vos.
456 2799 496 2834 ln
513 2807 586 2844 quo
607 2797 770 2835 maxima
785 2797 890 2834 Chri-

958 226 1004 262 sti
1016 226 1221 262 Salvatoris
1233 225 1372 262 caritas
1386 227 1423 261 et
1437 223 1557 270 pietas
1566 224 1737 268 apparet,

956 277 992 310 et
1030 274 1199 310 benefica
1237 274 1352 309 virtus
1391 273 1472 319 eJ'us
1509 270 1736 313 ostenditur,

955 331 1067 366 quam
1091 321 1241 357 exbibet
1263 323 1410 357 hostem
1448 328 1571 362 snum,
1595 317 1657 363 qui
1691 317 1739 353 ad

955 368 1078 414 ipsum
1117 367 1516 414 comprehendendum
1551 367 1705 401 venerat
1727 394 1735 408 ‚

955 416 1145 459 sanando;
1175 421 1212 451 et
1249 426 1316 461 per
1343 416 1414 450 lioc
1449 412 1623 450 inimicos
1650 422 1736 448 eum

954 466 1225 510 persequentes
1257 463 1304 497 ad
1333 462 1445 498 tidem
1478 459 1733 501 admonendo,

955 513 992 547 et
1013 510 1165 556 insuper
1191 509 1394 555 discipulos
1429 509 1467 544 in
1495 508 1568 543 lide
1597 506 1732 543 contii·-

956 558 1115 601 mando;
1150 560 1186 593 et
1223 567 1302 600 nos,
1325 555 1414 602 qnia
1447 555 1565 591 noluit
1592 565 1732 601 quem-

957 616 1070 651 quam
1086 607 1237 651 propter
1251 614 1291 640 se
1309 603 1408 646 laedi,
1427 607 1465 638 ut
1483 602 1648 638 inimicis
1671 613 1734 638 no-

956 652 1042 689 stris
1064 652 1334 689 beneficiamus
1350 650 1585 686 instruendo.
1606 651 1643 685 ln
1667 650 1738 686 boe

957 705 1071 737 etiam
1095 710 1202 736 suam
1227 698 1405 734 virtutem
1441 701 1477 733 et
1514 700 1738 743 potestatem

959 748 1114 791 revelat,
1134 746 1236 793 quod
1253 757 1329 782 non
1347 745 1394 782 de
1411 744 1651 786 necessitate,
1673 744 1738 780 sed

958 795 1169 832 voluntarie
1207 798 1338 838 captus
1366 796 1477 829 esset.
1502 791 1567 828 Ubi
1604 792 1735 827 Beda:

961 845 1211 888 «Numquam
1241 841 1341 877 enim
1378 839 1528 887 pietatis
1557 849 1635 875 suae
1666 840 1741 874 Do-

960 890 1082 926 minus
1104 888 1355 932 obliviscitur,
1377 887 1439 933 qui
1467 887 1581 923 etiam
1612 888 1740 922 hostes

961 949 1048 974 snos
1071 948 1146 974 non
1170 938 1310 984 patitur
1336 934 1538 972 vulnerari.
1563 933 1617 970 Illi
1637 934 1740 980 justo

961 989 1122 1022 mortem
1142 984 1328 1028 inl'erunt·‚
1347 983 1417 1019 iste
1432 981 1739 1029 persequentium

962 1033 1119 1069 vulnera
1158 1037 1279 1073 sanat,
1324 1031 1479 1077 mystice
1525 1030 1664 1066 docens
1703 1032 1741 1065 et

961 1080 1077 1127 ipsos,
1100 1079 1133 1115 si'
1152 1082 1435 1122 convertantur,
1463 1088 1574 1124 posse
1597 1076 1738 1121 sanari,

962 1127 1025 1174 qui
1047 1127 1085 1163 in
1110 1138 1187 1164 suae
1217 1130 1304 1163 sunt
1331 1126 1464 1162 mortis
1488 1125 1740 1161 consensione

963 1175 1162 1212 vulnerati.
1187 1189 1205 1207 »
1228 1176 1345 1218 Tune,
1370 1176 1407 1209 in
1434 1174 1504 1209 illa
1528 1174 1617 1208 hora
1638 1173 1740 1208 Jesus

963 1224 1147 1259 convertit
1163 1221 1408 1267 semetipsum
1422 1221 1467 1258 ad
1484 1221 1649 1261 turbam,
1666 1230 1739 1255 non

964 1270 1220 1315 impatienter,
1254 1269 1320 1306 sed
1351 1267 1628 1305 rationabiliter
1657 1277 1743 1303 eam

963 1318 1206 1364 alloquendo,
1229 1322 1343 1364 atque
1377 1315 1685 1360 lamentabiliter,
1707 1317 1744 1351 et

964 1366 1071 1413 quasi
1092 1366 1138 1403 ad
1160 1366 1366 1402 lamentum
1388 1364 1582 1400 auditores
1602 1373 1742 1410 provo-

965 1414 1085 1451 cando
1105 1415 1205 1450 dimit
1226 1413 1344 1449 turbis
1365 1424 1373 1448 z
1400 1414 1601 1457 Tamquam
1628 1411 1677 1446 ad
1694 1412 1747 1446 la-

965 1466 1102 1498 tronem
1122 1463 1266 1501 emistis,
1301 1471 1381 1496 eum
1415 1459 1556 1504 yludiz's
1582 1462 1615 1494 et
1636 1459 1747 1502 fusti-

967 1511 1031 1546 bus
1046 1509 1343 1555 comprehendere
1357 1518 1421 1542 me.
1441 1506 1554 1551 Quasi
1569 1506 1712 1542 diceret
1734 1516 1743 1542 ε

965 1558 1053 1595 Sine
1067 1568 1177 1593 causa
1186 1555 1327 1593 fecistis
1339 1556 1422 1591 hoc.
1435 1555 1548 1601 Cujus
1559 1553 1743 1590 rationem

965 1605 1092 1642 statim
1103 1603 1418 1651 assignat,dicens
1432 1614 1439 1639 :
1451 1601 1675 1647 Quotidiejd
1688 1605 1745 1637 est

965 1654 1196 1699 frequenter,
1230 1650 1399 1697 pacifice,
1439 1655 1475 1686 et
1501 1652 1581 1686 sine
1609 1648 1741 1694 armis,

964 1701 1065 1748 apud
1080 1711 1141 1736 vos
1157 1699 1325 1735 sedebam
1339 1698 1469 1733 docens
1482 1700 1521 1733 z'n
1541 1698 1686 1743 templo.
1704 1695 1743 1732 in

964 1748 1046 1784 loco
1068 1748 1131 1784 ubi
1150 1749 1376 1794 potestatem
1398 1744 1569 1789 habetis;
1593 1750 1630 1780 et
1656 1746 1745 1780 tune

965 1795 1046 1832 sine
1064 1794 1247 1841 violentia
1266 1804 1460 1830 armorum
1483 1803 1542 1829 me
1571 1802 1744 1837 compre-

964 1844 1132 1880 hendere
1145 1842 1336 1891 potuistis,
1346 1846 1379 1877 et
1391 1852 1446 1877 me
1464 1852 1535 1877 non
1551 1841 1720 1876 tenuistis
1733 1851 1744 1875 .-

964 1895 1054 1927 tunc
1075 1901 1145 1927 nec
1164 1890 1331 1937 cepistis,
1351 1888 1440 1936 quia
1459 1888 1656 1931 nolebam;
1681 1886 1747 1922 sed

968 1950 1036 1975 nec
1050 1949 1150 1974 nunc
1161 1937 1410 1985 possetis,nisi
1431 1935 1747 1983 permitterem,et

966 1997 1025 2022 me
1047 1990 1181 2033 sponte
1207 1987 1342 2021 vestris
1377 1984 1549 2020 manibus
1577 1982 1745 2028 subjice-

968 2045 1062 2070 rem.
1085 2033 1152 2070 Ubi
1176 2033 1360 2077 ltemz‘qius
1382 2045 1392 2068 .·
1417 2046 1436 2065 «
1453 2033 1503 2068 Ac
1525 2031 1555 2067 si
1577 2030 1745 2067 diceret:

968 2081 1140 2118 Latronis
1161 2080 1329 2117 officium
1349 2084 1405 2116 est
1426 2089 1577 2122 nocere,
1597 2081 1635 2114 et
1659 2077 1745 2113 lati-

967 2133 1047 2166 tare
1066 2141 1074 2174 ;
1107 2140 1175 2176 ego
1211 2139 1301 2165 vero
1343 2127 1483 2163 nemini
1521 2125 1646 2169 nocui,
1680 2124 1744 2161 sed

966 2178 1094 2224 plures
1111 2176 1255 2220 sanavi,
1272 2179 1308 2212 et
1327 2175 1365 2211 in
1381 2173 1585 2222 synagogis
1598 2182 1747 2218 semper

968 2226 1092 2261 docui.
1112 2238 1130 2257 »
1156 2223 1222 2260 Ubi
1245 2228 1281 2260 et
1305 2225 1546 2267 Hieronymus
1568 2234 1578 2257 :
1605 2235 1623 2253 «
1643 2220 1744 2256 Stul-

968 2276 1047 2309 tum
1075 2275 1145 2316 est,
1168 2271 1304 2317 inquit,
1331 2281 1417 2307 eum
1438 2280 1523 2306 cnm
1556 2267 1689 2314 gladiis
1710 2270 1747 2303 et

968 2319 1129 2357 fustibus
1150 2329 1335 2365 qnaerere,
1359 2317 1422 2364 qui
1441 2318 1539 2354 ultro
1561 2327 1599 2352 se
1620 2316 1745 2351 trade-

968 2369 1033 2405 bat
1053 2367 1188 2403 vestris
1214 2365 1411 2409 manibus;
1440 2371 1477 2402 et
1514 2367 1621 2400 nocte
1643 2363 1748 2409 quasi

969 2416 1194 2460 latitantem,
1228 2418 1265 2451 et
1291 2417 1436 2450 vestros
1469 2412 1597 2449 oculos
1630 2410 1747 2447 decli-

968 2467 1138 2506 nantem,
1161 2473 1228 2509 per
1249 2461 1482 2508 proditorem
1505 2460 1746 2505 investigare,

969 2510 1033 2557 qui
1059 2509 1227 2557 quotidie
1263 2511 1302 2545 in
1340 2509 1482 2555 templo
1524 2508 1694 2544 docebat.
1727 2520 1745 2538 »

968 2559 1056 2595 Ideo
1092 2561 1234 2602 autern,
1263 2564 1302 2594 ut
1329 2556 1420 2593 dicit
1455 2557 1745 2600 chrysostomus,

969 2616 1055 2642 eum
1089 2605 1127 2641 in
1149 2605 1289 2652 templo
1314 2615 1388 2640 non
1419 2607 1637 2648 tenuerunt,
1659 2601 1748 2648 quia

967 2665 1043 2690 non
1063 2652 1146 2690 ausi
1169 2656 1282 2689 erant
1303 2657 1456 2699 propter
1476 2652 1640 2694 turbam,
1662 2659 1745 2695 pro-

970 2704 1051 2748 pter
1087 2701 1187 2748 quod
1220 2704 1257 2737 et
1293 2699 1473 2737 Dominus
1500 2700 1600 2735 foras
1620 2696 1745 2749 exivit-

968 2754 1009 2786 ut
1027 2759 1071 2786 ex
1091 2749 1172 2786 loco
1193 2752 1230 2785 et
1249 2752 1420 2795 tempore
1440 2747 1549 2784 daret
1570 2744 1745 2791 aptitudi,

969 2807 1055 2834 nem
1075 2807 1116 2834 se
1137 2796 1324 2844 capiendi.
1347 2795 1426 2841 Hie,
1446 2794 1653 2832 secundum
1673 2792 1747 2827 An-
