1924 3157
534 115 585 151 DE
624 117 784 155 SEXTA,
824 115 861 149 IN
898 114 1115 149 PASSIONE
1154 113 1329 149 DOMINI.
1692 109 1743 143 121

108 187 193 225 tiosi
213 185 406 233 sanguinis
424 190 501 223 tam
524 186 726 234 multiplici
749 185 889 232 deper-

109 234 267 279 ditione,
291 234 379 280 quia
407 233 773 280 consideravitquod
797 244 888 278 prc-

108 285 202 319 tium
223 293 299 319 sure
325 282 609 329 Reileinptionis·
632 283 669 318 in
693 285 747 317 tot
768 280 887 317 homi-

109 330 218 367 nibus
242 329 402 375 ingratis
417 329 618 366 annihilari
639 330 797 366 debuit:
818 329 888 364 hoc

106 388 222 422 enim,
248 378 454 414 secundum
483 378 725 420 Ber-nardum,
767 377 885 422 majo-

106 436 186 462 rem
209 426 376 462 dol-‚rem
399 426 431 462 ei
458 426 595 470 intulit,
619 435 733 471 quam
755 434 886 460 omnes

105 483 238 520 poenae,
257 484 348 520 quas
364 474 590 509 extrinsecus
603 472 767 519 pertulit,
787 472 884 508 unde

106 521 162 557 bis
184 521 392 565 ingeminat
415 533 422 557 z
442 524 535 556 Deus
553 531 664 564 meus,
687 523 728 555 ut
750 530 792 555 ex
815 519 885 555 hoc

106 569 327 605 ostendatur·
360 568 595 604 immensitas
633 568 687 604 sii
725 567 882 611 doloris,

106 619 182 652 tam
205 628 239 652 m
259 627 373 653 carne
396 627 507 662 quam
528 616 564 651 iu
586 615 726 655 anima,
752 625 884 660 quan-

105 667 183 699 tum
215 664 260 700 ad
285 665 382 700 vires
408 663 605 699 interiores
627 662 775 708 corpori
804 663 884 698 afli-

104 722 181 754 xas,
199 711 285 756 quia
310 711 346 746 in
365 711 621 757 superioribus
645 710 784 746 viribus
802 709 881 745 ani-

104 769 175 794 mae
202 760 394 794 fruebatur
419 760 595 805 perl'ecte,
625 758 708 794 licet
736 758 771 793 in
793 757 881 793 inle-

104 805 786 852 rioi-iliustorquereturacerbissime.
802 805 880 841 Cla-

104 854 220 889 mavit
250 855 363 890 etiam
394 865 483 890 voce
515 865 665 900 magna,
684 862 880 900 peccatum

104 901 333 947 inclinando,
354 902 451 948 quod
472 902 594 938 suerat
614 907 727 937 tantae
750 901 881 937 mortis

103 952 140 985 et
180 950 339 985 nti-crire
366 960 478 986 causa
503 962 511 986 :
547 949 647 996 quia,
671 952 879 985 secundum

101 997 352 1041 Ambrosium,
382 1008 543 1042 quorum
568 1001 734 1043 susi-epit
764 1002 879 1032 natu—

103 1054 199 1088 ram,
223 1045 357 1081 horum
374 1045 533 1091 ploravit
553 1045 742 1081 miseriam
761 1057 769 1086 ;
791 1049 827 1080 et
843 1051 881 1079 ut

101 1091 279 1128 duritiam
302 1093 454 1128 humani
480 1092 637 1128 affectus
664 1093 711 1131 ad
734 1091 791 1127 sui
811 1103 880 1127 cx—

101 1138 235 1176 citaret
261 1140 571 1185 compassionem.
600 1139 800 1176 Sciendum
822 1143 882 1175 ta-

103 1197 204 1232 men,
230 1188 330 1234 quod
363 1189 475 1224 homo
504 1187 779 1224 rationabiliter
810 1187 883 1223 dc—

102 1235 163 1271 bet
187 1237 327 1271 moveri
347 1236 393 1272 ad
409 1236 718 1280 compatiendum
734 1234 882 1271 Christo

103 1282 240 1329 triplici
263 1283 409 1320 ratione
432 1295 440 1319 :
470 1283 606 1331 primo,
624 1294 666 1319 cx
685 1287 784 1319 mutu
806 1293 881 1318 crc-

102 1334 221 1367 aturae
243 1331 486 1376 insensibilis,
517 1343 600 1377 quae
623 1337 701 1367 tota
734 1331 881 1367 Christo

104 1378 281 1415 morienti
305 1390 503 1426 compassa
526 1379 615 1422 l'uit3
638 1380 817 1419 secundo,
839 1389 882 1414 ex

103 1426 318 1463 conditione
342 1438 419 1463 snae
444 1427 603 1474 propriae
629 1431 771 1463 natura:
791 1437 799 1469 ;
822 1436 882 1462 na-

99 1479 185 1510 tura
199 1474 300 1510 enim
316 1479 370 1510 tot
390 1477 559 1511 membra
571 1474 732 1521 providit
750 1484 882 1520 corpo-

101 1522 133 1557 ri
163 1522 342 1567 humano,
371 1528 461 1568 quot
482 1527 569 1558 sunt
599 1522 678 1558 dics
707 1524 742 1557 in
764 1532 881 1565 anno,

103 1573 142 1606 ut
173 1569 302 1606 dicunt
333 1569 489 1617 physici,
517 1571 563 1606 ad
605 1571 881 1616 designandum

106 1618 206 1663 quod
228 1628 302 1653 non
326 1618 373 1654 sit
395 1617 474 1654 dii-s
500 1618 556 1654 vel
579 1625 821 1658 momentum,
844 1616 879 1652 iu

103 1675 176 1711 quo
208 1666 320 1701 homo
352 1665 578 1702 beneficium
605 1663 879 1711 redemptionis

100 1712 306 1749 affectuose
341 1718 378 1749 et
399 1724 482 1749 cum
504 1712 712 1759 gratiarum
731 1712 879 1749 actione

102 1771 175 1796 non
204 1762 313 1797 «lebet
329 1761 517 1796 recordari
540 1773 548 1804 ;
571 1761 697 1805 tertio,
721 1772 762 1795 ex
782 1760 877 1796 divi-

100 1818 159 1844 nae
179 1808 279 1844 vocis
298 1808 582 1855 imprecatione,
600 1808 779 1854 quoniam
800 1808 878 1852 ipse

101 1866 260 1902 sponsus
287 1856 580 1892 amaritudinum
593 1867 669 1892 suae
694 1856 878 1892 Passionis

95 1903 205 1950 jubet
228 1905 310 1940 sine
331 1904 529 1940 intervallo
550 1903 714 1951 imprimi
740 1903 878 1939 nostris

99 1951 433 1996 mentibus,dicens
450 1954 564 1988 :Pone
576 1963 629 1987 me
648 1957 689 1987 ut
706 1954 878 1996 siqnucu-

106 2000 182 2034 lum
202 2010 312 2046 super
334 2011 394 2035 cor
415 2005 541 2044 tuum;
565 1999 624 2036 cui
645 1999 726 2035 voci
751 1999 878 2035 anima

99 2045 235 2083 devota
256 2048 525 2094 obtemperans
545 2046 749 2094 respondet
772 2058 780 2083 :
810 2049 875 2083 Fa—

98 2096 256 2130 sciculus
286 2106 447 2139 myrrwae
476 2096 630 2131 dilectus
651 2105 750 2130 meus
770 2097 877 2139 mihi,

103 2143 198 2177 inter
214 2142 326 2178 ubera
339 2154 416 2178 mea
430 2145 726 2179 commoramur.
744 2143 792 2178 De
809 2143 881 2178 hoc

103 2188 269 2225 clamore
282 2190 524 2237 appropriate
540 2190 613 2226 dici
630 2194 786 2237 possunt
800 2190 881 2225 haec

103 2238 218 2273 verba
240 2238 339 2274 beati
358 2239 564 2283 Augustini
585 2251 595 2274 .-
624 2252 642 2271 «
665 2237 880 2284 satagentis

101 2287 138 2320 et
159 2284 309 2320 solliciti
337 2296 404 2332 pro
432 2285 539 2322 nobis
564 2285 602 2322 in
634 2285 880 2322 tribulatione

102 2330 229 2378 positi,
253 2333 368 2369 verba
399 2337 486 2369 sunt
510 2333 582 2369 ista
606 2344 614 2369 :
644 2334 759 2370 verba
789 2332 880 2379 qui-

101 2379 187 2415 dem
208 2379 473 2417 teneritudinis
493 2385 530 2417 et
548 2380 743 2425 moeroris;
767 2382 880 2417 verba

101 2426 366 2463 amaritudinis
380 2431 417 2464 et
436 2428 589 2464 doloris.
606 2429 714 2472 Nam,
735 2427 798 2474 qui
819 2428 881 2464 de-

101 2478 187 2510 vote
208 2475 468 2511 consideraret
488 2487 530 2511 ex
552 2486 665 2522 quam
680 2487 791 2512 anxio
815 2486 880 2522 ge-

102 2521 210 2564 mitu,
230 2532 271 2558 ex
292 2533 405 2568 quam
423 2523 497 2559 alto
510 2524 692 2569 singultu,
710 2535 752 2560 ex‘
765 2533 880 2570 quarn

102 2570 290 2615 profundo
309 2570 424 2614 luctu,
441 2581 484 2606 cx
496 2581 609 2617 quam
627 2582 756 2607 amaro
779 2571 880 2616 plan-

103 2621 178 2655 ctu.
202 2619 281 2653 baec
303 2629 371 2653 vox
400 2618 437 2653 in
457 2628 565 2653 cruce
587 2619 803 2665 proruperit
832 2620 878 2654 ab

104 2674 170 2700 ore
208 2664 357 2701 Domini
397 2667 508 2705 Jesu,
543 2667 666 2702 nullus
709 2669 764 2702 est
805 2677 812 2702 :
849 2665 878 2701 si

103 2710 261 2748 haberet
283 2716 412 2759 pectus
435 2714 610 2756 ferreum,
633 2712 722 2759 quin
750 2712 880 2749 molli-

106 2762 210 2794 retur
225 2762 515 2806 compunctione
532 2773 540 2806 ;
554 2760 585 2798 si
604 2771 772 2806 saxeum,
788 2761 879 2807 quin

963 185 1202 222 scinderetur
1218 183 1479 232 compassione
1492 194 1501 227 ;
1516 182 1547 220 si
1558 181 1741 228 ligneum,

963 232 1050 278 quin
1095 234 1310 270 ilci-[cretur
1367 229 1668 273 condilectione;
1710 230 1741 264 si

962 290 1119 323 aereum,
1143 281 1231 327 quin
1267 281 1477 326 liquaretur
1507 277 1742 324 contempla—

962 327 1078 364 tione.
1103 330 1143 363 ln
1167 334 1233 363 noc
1256 329 1369 364 vvrbo
1390 327 1525 372 duplex
1549 333 1683 362 natura
1704 324 1742 361 in

962 387 1036 412 una
1056 386 1217 422 persona
1231 375 1384 415 Christi,
1400 373 1633 412 clamavitad
1645 373 1740 409 duas

960 433 1142 470 personas
1163 422 1199 458 in
1219 434 1295 459 una
1310 423 1473 459 essentii
1491 422 1576 466 Dei3
1601 425 1638 457 et
1656 420 1740 457 ideo

959 473 1173 518 geminatur
1199 481 1360 517 persona
1389 472 1458 506 sub
1491 472 1626 507 eodem
1655 474 1742 505 actu

958 519 1062 554 verni
1095 530 1102 555 :
1134 522 1227 554 Deus
1256 528 1368 561 mcuS,
1405 521 1497 553 Deus
1530 528 1641 556 meus.
1674 519 1741 551 ut-

958 567 1050 612 quid
1071 567 1303 611 dcrelique'stz'
1325 567 1404 600 me?
1423 566 1616 601 Clamabat
1637 564 1740 600 enim

957 614 994 650 in
1009 613 1157 650 Christo
1179 614 1328 649 affectio
1351 613 1548 648 rationalis
1573 618 1736 655 naturae,

956 669 1110 708 propter
1131 662 1251 697 zvlnm
1271 659 1472 696 :irdentissi
1493 671 1548 696 ηπ)
1567 669 1737 702 compis-

956 709 1105 753 sionis;
1141 709 1330 745 clamabat
1370 708 1527 744 al'llictio
1556 705 1741 743 sensuilis

952 758 1125 801 jacturae,
1167 762 1323 804 propter
1359 756 1475 791 telum
1511 754 1741 791 acutissimu-

958 805 1163 841 Passionis.
1182 806 1219 841 Cl
1236 815 1286 840 im
1302 803 1490 840 :taffectio
1511 801 1710 839 rationalis
1733 813 1740 836 :

955 856 1048 889 Deus
1070 864 1182 894 meus,
1211 855 1306 889 Deus
1333 862 1446 895 mem,
1474 851 1608 896 utquid
1635 850 1744 884 dciv—

954 903 1102 947 liquisti
1123 912 1192 943 11103
1217 900 1253 936 in
1281 903 1386 936 tanto
1409 899 1547 935 mentis
1572 896 1737 944 suspirio

955 954 990 985 et
1012 959 1187 992 moerore,
1212 947 1272 994 qui
1303 958 1379 983 non
1408 945 1641 991 derelinquis
1662 944 1733 980 cla-

956 1002 1102 1032 mintes
1123 996 1170 1031 ad
1203 997 1263 1032 te?
1298 995 1443 1031 Clamat
1465 993 1619 1030 :il'ilictio
1643 1002 1736 1028 sen—

956 1043 1073 1080 sualis
1101 1055 1108 1078 :
1138 1046 1232 1079 Deus
1265 1054 1377 1085 meus,
1412 1045 1506 1078 Deus
1534 1051 1646 1084 meus,
1674 1043 1741 1075 ut-

956 1092 1047 1137 quid
1078 1091 1312 1136 dereliquisti
1342 1100 1407 1129 me,
1446 1089 1485 1125 in
1522 1093 1626 1124 tanto
1663 1097 1741 1123 car-

957 1138 1014 1174 nis
1036 1138 1221 1184 supplii-io
1245 1141 1282 1174 et
1302 1138 1447 1178 dolore,
1478 1138 1539 1182 qui
1568 1145 1639 1171 non
1672 1135 1738 1170 ‹le-

958 1187 1137 1233 relinqui-
1152 1189 1425 1232 praesumuntes
1438 1184 1528 1220 dete
1541 1183 1558 1219 ?
1569 1186 1741 1228 Magnam

958 1234 1059 1271 enim
1087 1235 1304 1281 patiamini·
1331 1233 1495 1269 exterius
1519 1230 1738 1268 amaritudi—

959 1294 1072 1327 nein3
1096 1282 1162 1318 scd
1183 1283 1293 1327 longe
1315 1281 1395 1328 plus
1419 1280 1660 1316 cruciabatur
1681 1280 1739 1313 in·

956 1330 1073 1366 terius
1092 1328 1596 1377 propteringratitudinem:
1621 1341 1637 1360 »
1658 1327 1739 1362 haec

956 1380 1203 1423 Augustinus.
1229 1377 1287 1413 Sic
1311 1384 1438 1412 autem
1469 1377 1573 1420 Huqo
1598 1374 1742 1410 inducit

958 1437 1043 1462 eum
1064 1426 1103 1462 in
1125 1435 1234 1461 cruce
1256 1425 1475 1471 loquentem
1498 1434 1506 1459 :

1029 1499 1152 1541 Cerne,
1176 1497 1292 1539 homo,
1307 1496 1398 1541 quid
1415 1506 1482 1541 pro
1500 1498 1534 1530 te
1554 1496 1693 1541 patior,

1031 1546 1125 1581 Vide
1143 1555 1268 1591 pomus
1290 1545 1425 1589 quibus
1446 1544 1606 1588 afficior,

1031 1593 1124 1630 Vide
1142 1593 1265 1628 clauos
1287 1591 1420 1637 quibus
1443 1590 1661 1637 confodior;

1028 1642 1115 1678 Cum
1140 1642 1189 1675 sit
1214 1643 1339 1675 tantus
1363 1638 1467 1674 docor-
1489 1640 1664 1683 eaeterior,

1026 1690 1129 1724 Intus
1151 1692 1272 1723 tamen
1304 1687 1476 1732 planctus
1497 1690 1549 1721 esc
1572 1688 1736 1730 yravior,

1029 1738 1118 1772 Tam
1136 1738 1327 1779 inqrutum
1343 1734 1430 1770 dum
1451 1738 1486 1769 te
1506 1736 1689 1779 emperior.

1000 1810 1045 1851 4ο
1075 1807 1242 1843 Dnnnuus
1263 1817 1305 1841 nr
1325 1816 1393 1841 nos
1429 1816 1466 1841 m
1501 1816 1743 1842 nncnssirni-

952 1866 1018 1892 an
1038 1866 1083 1890 AD
1108 1856 1209 1890 Danu
1223 1865 1398 1890 CLAMARE.
1417 1874 1463 1879 —
1482 1855 1554 1890 Per
1574 1856 1643 1890 boc
1663 1864 1742 1889 ver-

953 1905 1042 1939 bum
1081 1907 1272 1948 quartum,
1314 1902 1494 1938 docemur
1530 1901 1578 1937 ad
1626 1902 1740 1937 Deum

952 1951 990 1987 in
1019 1950 1307 1986 necessitatibus
1334 1950 1513 1993 clamare,
1531 1953 1567 1985 et
1587 1948 1624 1985 in
1646 1949 1741 1995 peri-

952 1998 1048 2034 culis
1085 1997 1349 2034 adorati-mem
1390 2007 1603 2033 recurrere.
1635 1997 1740 2032 Unde

952 2046 1004 2083 ait
1027 2047 1260 2091 Augustinus
1279 2058 1290 2080 .·
1320 2058 1338 2079 «
1356 2046 1515 2091 Insuper
1530 2043 1708 2080 addidisti
1726 2059 1733 2080 :

951 2097 1047 2130 Deus
1070 2104 1186 2138 meus,
1215 2097 1256 2129 ut
1283 2093 1375 2138 quid
1402 2093 1635 2138 dereliquisti
1660 2093 1742 2126 me?

953 2146 993 2178 ut
1019 2141 1238 2177 ostenderes
1252 2141 1431 2176 effectum
1441 2139 1638 2183 orationis,
1654 2149 1736 2185 quae

953 2190 1050 2225 sicut
1089 2193 1236 2225 scutum
1264 2187 1484 2234 accipienda
1516 2191 1574 2223 est
1606 2191 1737 2223 contra

949 2237 1078 2284 jacula
1102 2235 1340 2280 tentationis,
1364 2237 1589 2278 intempore
1610 2234 1738 2270 tribu—

955 2284 1119 2321 lationis.
1139 2284 1324 2321 Oraverat
1345 2282 1533 2329 siquidem
1556 2283 1738 2318 Dominus

953 2334 1061 2369 Jesus
1089 2333 1125 2367 in
1158 2332 1283 2372 horto,
1308 2333 1392 2367 orat
1422 2333 1459 2366 et
1484 2329 1523 2366 in
1555 2328 1737 2374 patibulo,

955 2380 1044 2426 quia
1066 2389 1199 2415 revera
1229 2377 1351 2414 oratio
1377 2380 1434 2413 est
1461 2376 1674 2414 subsidium
1701 2375 1739 2412 in

957 2426 1136 2474 periculo.
1159 2426 1331 2462 Ascende
1348 2425 1476 2471 igitur,
1490 2425 1620 2461 anima
1639 2434 1737 2467 mea,

956 2477 1091 2511 turrim
1103 2477 1141 2510 et
1161 2477 1326 2510 castrum
1340 2473 1523 2509 orationis
1546 2472 1651 2519 :ipsa
1664 2476 1738 2507 ete-

959 2522 1036 2558 nim
1059 2525 1116 2557 ost
1133 2525 1368 2567 unguentum
1384 2525 1628 2566 aegrotorum,
1646 2529 1738 2555 scu—

957 2575 1036 2605 tum
1059 2569 1313 2611 intirmorum,
1337 2568 1627 2604 odoramentum
1648 2565 1737 2602 civi-

957 2627 1019 2653 um
1041 2627 1294 2662 supernorum
1316 2627 1324 2651 ε
1351 2632 1366 2646 υ
1387 2616 1468 2651 haec
1487 2616 1732 2659 Auyustz‘nus.

1004 2668 1044 2708 [μ
1100 2665 1349 2701 Docnunnwu
1390 2674 1434 2699 Ex
1480 2671 1737 2698 nnnnmcrioxr:

957 2713 1242 2757 CHRIST1,ACTUS
1264 2722 1573 2748 CONFORMATIONJS
1594 2721 1635 2744 ET
1655 2719 1741 2760 0⁸¹3·

957 2771 1029 2796 Tio.
1049 2781 1095 2788 -
1118 2761 1168 2796 Ex
1199 2761 1271 2796 hoc
1302 2769 1392 2804 ergo
1413 2758 1575 2795 articulo
1603 2755 1738 2791 dereli-
