1872 3147
104 149 143 182 12
583 149 791 182 ἳΕΟΙὛΟῈ
830 150 989 184 ΡᾹΒΤΙΞ
1028 149 1162 182 CAPUT
1201 148 1272 181 mx

778 366 960 412 CAPUT
980 366 1076 411 LIX

431 532 481 558 DE
502 531 620 560 PRIMO
643 530 927 565 COMPLETORIO,
951 531 990 558 IN
1018 530 1203 560 PASSIONE
1225 531 1377 560 DOMINI.

113 652 275 687 Matthaei
298 663 377 700 cap.
400 655 524 699 XXVI,
545 655 657 690 Marci
683 664 764 700 cap.
788 654 880 697 XIV,
903 654 1009 688 Lucae
1025 663 1104 700 cap.
1129 655 1221 690 XXII
1252 659 1289 690 et
1313 656 1469 691 Joannis
1497 666 1577 702 cap.
1608 656 1730 692 XVIII.

160 810 172 831 1
195 796 370 832 Cumsrus
405 809 531 833 INTRAT
566 809 694 833 vitLAu
718 799 888 850 Gavisa·—

111 853 210 886 um,
238 855 282 878 AD
305 855 487 880 ORANDUM.
512 866 554 870 —
578 846 785 881 Reassiime
818 844 887 889 igi-

111 893 170 924 tur
194 901 215 925 a
240 889 423 938 principio
452 891 646 928 Passionis
670 891 887 928 meditatio-

113 947 179 972 nes
200 938 303 981 istas,
323 944 472 982 (timis
479 949 558 985 qu«
565 950 602 975 re
622 950 685 975 eas
706 949 771 983 pei
793 937 888 974 ordi-

110 993 195 1019 nem
223 995 338 1030 usque
366 986 412 1021 ad
434 986 574 1030 finern;
602 991 638 1022 et
664 986 816 1021 attende
843 985 890 1020 ad

112 1029 193 1066 sinu
173 1031 259 1075 gula
273 1042 315 1067 ac
335 1032 363 1068 si
383 1043 551 1078 piaesens
572 1044 627 1069 es
632 1044 684 1069 es.
707 1032 888 1078 Conspice

114 1079 237 1124 itaque
257 1079 457 1115 Dominum
478 1082 606 1116 Jesum
625 1084 700 1116 atti
708 1083 784 1119 nte
804 1089 888 1115 cum

112 1135 134 1160 a
153 1135 259 1161 coeiia
287 1129 413 1163 exiens
448 1129 539 1163 hora
567 1126 821 1172 Completorii‚
851 1127 889 1161 in

113 1173 262 1208 hortum
282 1184 363 1209 cum
387 1174 577 1220 discipulis
598 1174 676 1210 suis
698 1173 813 1216 vadit,
836 1174 889 1209 ul-

114 1221 203 1255 timo
222 1231 319 1256 nunc
339 1222 386 1258 ab
402 1223 454 1257 eis
469 1222 712 1258 associandus
728 1221 885 1264 itinere;

114 1277 249 1312 quom-i
244 1268 300 1303 do
319 1269 535 1313 affectuose,
563 1269 753 1305 socialiter
770 1279 813 1304 ac
834 1268 887 1303 fa-

114 1314 311 1350 miliariter
333 1315 437 1351 eisl›
433 1316 581 1362 ›quitur,
598 1322 633 1351 et
654 1326 719 1352 eos
741 1316 788 1351 ad
808 1327 889 1351 ora-

113 1361 252 1397 tionem
272 1362 449 1398 hortatui
477 1365 573 1399 Tunc
587 1365 887 1398 vemtJesusium

114 1410 192 1443 illis
214 1412 251 1444 ἱη
268 1411 410 1450 villam,
425 1421 504 1455 quae
524 1411 559 1445 εἰς
555 1412 661 1446 citui
680 1410 886 1446 Gethsema-

115 1466 172 1497 m,
195 1460 228 1491 et
247 1467 331 1492 cum
354 1456 533 1493 intrasset
556 1459 591 1492 in
613 1458 766 1492 hortum
791 1457 889 1492 dimit

115 1503 309 1548 discipulis
325 1506 402 1539 suis
419 1516 430 1539 .·
451 1505 577 1540 Sedete
593 1506 661 1544 hic,
686 1503 723 1539 id
745 1507 800 1539 est
819 1514 888 1538 ex—

116 1553 295 1595 spectate,
312 1561 388 1586 non
401 1551 640 1595 moveamini,
655 1550 826 1587 sicutnec
841 1551 890 1585 lo-

116 1607 172 1641 co,
195 1596 247 1632 ita
272 1608 339 1633 nec
368 1602 506 1641 mente,
527 1599 636 1634 donec
653 1599 785 1633 vadam
802 1599 890 1633 illuc

116 1648 149 1679 et
169 1655 289 1687 οςνθιη
312 1648 349 1680 et
370 1655 435 1680 vos
453 1626 567 1681 etiam
585 1649 697 1688 orate,
719 1657 762 1680 ne
782 1647 891 1680 irme-

117 1694 163 1744 tis
178 1694 218 1727 in
245 1694 492 1731 tentationem
511 1703 578 1738 per
595 1703 683 1727 rson
687 1702 832 1735 ensum‚
856 1695 891 1726 et

117 1737 169 1774 sic
201 1739 452 1775 succumbatis
491 1739 704 1775 tentationi.
741 1740 808 1775 Ubi
839 1740 892 1774 ait

118 1787 375 1830 Hieronymus.
395 1800 411 1819 «
432 1787 667 1839 Separantur
690 1786 728 1822 in
748 1787 891 1822 oratio-

117 1843 177 1877 ne,
191 1834 252 1878 qui
270 1838 492 1879 separantur
513 1836 547 1869 in
571 1833 756 1870 passione.
786 1847 802 1865 ι)
823 1832 890 1869 Ubi

117 1883 154 1914 et
172 1882 444 1924 chrysostomus
462 1893 471 1915 :
495 1894 512 1914 (ι
532 1881 771 1917 Consuetudo
790 1882 890 1916 enim

117 1926 148 1962 ei
169 1933 251 1962 erat
273 1927 350 1962 sine
376 1930 430 1963 eis
457 1939 580 1971 orare,
598 1929 666 1964 lioc
687 1935 811 1963 autem
834 1927 887 1962 sa-

116 1973 250 2016 eiebat,
279 1975 454 2011 erudiens
487 1986 554 2011 nos
584 1974 623 2010 in
652 1974 889 2010 orationibus

119 2021 281 2066 quietem
292 2021 521 2058 constituere
536 2022 744 2068 nobisipsis,
757 2026 791 2057 et
807 2021 890 2057 soli-

119 2068 287 2103 tudinem
298 2069 452 2104 multam
467 2080 647 2115 quaerere.
664 2085 681 2102 «
698 2069 762 2105 Ubi
777 2069 889 2104 etiam

119 2116 278 2159 cyrillus
298 2131 306 2151 ;
332 2132 348 2147 «ι
372 2117 553 2152 Seinotim
574 2120 669 2160 orat,
706 2120 746 2152 ut
765 2115 888 2151 discas

118 2162 217 2208 quod
238 2162 364 2198 animo
391 2167 533 2199 attento
567 2167 603 2199 et
628 2164 738 2199 corde
762 2162 887 2215 quieto

118 2209 407 2254 colloquendum
429 2214 484 2245 est
499 2221 584 2246 cum
606 2212 680 2246 Deo
694 2209 857 2246 sublimi
870 2224 887 2241 »

119 2257 202 2292 Haec
223 2261 307 2292 aut‹
314 2267 347 2291 m
369 2257 458 2292 dixit
476 2262 558 2293 octo
581 2257 783 2304 Apostiilis,
803 2256 887 2303 quia

117 2303 233 2339 ,Iudas
264 2303 312 2339 ibi
350 2315 425 2339 non
447 2308 557 2348 eiat3
593 2309 628 2340 et
654 2309 730 2340 tres
763 2314 889 2340 secum

117 2350 233 2394 duxit,
262 2350 424 2387 scilice1t
464 2333 628 2395 Petrum,
649 2353 830 2387 Jacobum
854 2354 891 2386 et

113 2378 309 2433 Joaniiem.
337 2399 406 2432 Per
428 2399 498 2434 hoc
520 2399 619 2443 quod
641 2399 815 2435 Christus
829 2409 891 2433 vo-

117 2445 196 2480 lens
216 2455 339 2488 orare,
361 2445 563 2490 assumpsit
588 2446 758 2489 Petrum,
780 2447 889 2482 Jaco-

125 2492 212 2527 buin
228 2496 262 2526 et
274 2493 474 2535 Joannvin,
494 2492 603 2527 docet
613 2503 680 2528 nos
693 2493 791 2538 quod
810 2503 889 2528 om-

120 2539 177 2574 nis
199 2543 326 2574 votens
348 2539 479 2574 devote
497 2550 620 2583 orare,
643 2539 754 2574 debet
775 2541 890 2575 habe-

68 2621 70 2627 ,
119 2596 160 2621 re
172 2589 249 2621 tres
263 2584 431 2625 comites.
450 2585 613 2621 scilicet:
635 2586 720 2621 fidei
739 2587 893 2622 firmita-

71 2633 73 2635 ’
121 2637 209 2675 tem,
232 2633 466 2678 designatam
488 2632 522 2668 in
548 2633 670 2675 Petro,
695 2633 755 2678 qui
776 2633 890 2669 inter-

118 2684 287 2726 pretatur
318 2690 532 2724 aqrioscens;
566 2684 602 2715 et
631 2681 894 2726 temporalium

116 2726 405 2771 abdicationem,
422 2737 466 2762 ca
476 2728 543 2762 sub
554 2727 710 2772 pedibus
727 2738 792 2772 per
804 2739 892 2763 con-

117 2777 297 2821 temptum
319 2773 508 2820 ponendo,
537 2777 571 2809 et
601 2774 691 2810 niiiil
716 2776 760 2809 ite
797 2778 891 2810 tem-

965 807 1058 850 pora
1063 797 1158 833 ibus
1184 798 1272 834 dum
1292 802 1375 834 orat
1413 799 1628 844 cogitando,
1665 799 1735 834 hoc

967 843 1206 890 designatur
1199 857 1233 880 in
1250 847 1404 889 Jacobo,
1422 845 1484 898 qui
1505 845 1640 881 dicitur
1653 856 1736 891 sup-

964 892 1179 936 plantator,
1196 903 1238 928 ac
1259 903 1400 938 ponere
1421 903 1460 928 se
1478 894 1514 927 in
1532 895 1631 928 statu
1650 902 1735 938 gra-

965 937 1040 979 tiae
1062 944 1098 974 et
1117 939 1256 975 habere
1278 939 1408 984 gratiae
1432 940 1632 982 tervorem,
1653 948 1735 984 qnae

966 966 1211 1030 designatur
1203 997 1239 1021 in
1253 987 1410 1030 Jtianne,
1434 988 1497 1032 qui
1514 985 1737 1032 interpreta-

964 1035 1083 1068 turm
1101 1043 1169 1078 quo
1193 1036 1244 1068 est
1263 1035 1399 1077 yratia.

1014 1093 1031 1115 2
1055 1082 1126 1115 [Ἂν
1130 1091 1174 1115 on
1193 1092 1234 1115 ET
1251 1092 1422 1117 TRxsTtTIA
1441 1081 1586 1116 Donum.
1606 1082 1736 1117 ——As-

964 1130 1105 1172 sumpto
1128 1127 1241 1172 igitur
1269 1130 1372 1164 Petro
1407 1131 1441 1162 et
1475 1128 1614 1164 duobus
1646 1129 1736 1181 filiis

963 1174 1136 1217 Zebedaei,
1161 1175 1371 1228 specialiter
1390 1178 1585 1220 tamquam
1600 1176 1644 1211 de
1659 1173 1736 1211 suis

964 1221 1176 1257 secretariis
1202 1225 1237 1257 et
1264 1224 1382 1269 magis
1403 1221 1664 1267 familiaribus,
1697 1225 1736 1257 ut

964 1267 1098 1313 quibus
1116 1271 1150 1304 in
1170 1251 1503 1311 transflouratione
1521 1269 1737 1305 ostenderat

963 1315 1120 1360 gloriam
1144 1327 1219 1352 suae
1256 1317 1371 1370 majes
1357 1316 1475 1357 tatis,
1505 1315 1648 1351 eisdem
1673 1327 1735 1351 ie·

963 1362 1104 1398 velaret
1123 1366 1235 1399 etiam
1257 1363 1449 1400 tristitiam
1479 1373 1558 1399 suae
1586 1362 1735 1400 Passio-

963 1409 1035 1451 nis,
1048 1413 1084 1444 ‹t
1100 1410 1162 1455 qui
1179 1410 1351 1447 viderant
1366 1410 1410 1456 gl
1418 1409 1738 1454 ›riosa,vitte1ent

963 1460 1001 1492 et
1021 1457 1189 1498 humilia,
1212 1460 1330 1503 coepz't,
1349 1457 1411 1493 ille
1431 1459 1538 1502 cujus
1556 1461 1642 1493 sunt
1657 1467 1736 1493 om-

964 1504 1040 1547 nia,
1063 1507 1098 1538 et
1121 1504 1158 1539 in
1182 1514 1254 1549 quo
1275 1503 1514 1540 adversarius
1545 1504 1651 1539 nihil·
1664 1504 1738 1540 ha—

964 1551 1089 1594 bebat,
1101 1550 1163 1597 qui
1173 1555 1366 1598 peccatum
1382 1562 1454 1586 non
1468 1551 1621 1595 fecerat,
1634 1561 1736 1587 mor·

963 1601 1000 1633 te
1023 1599 1091 1634 sibi
1115 1599 1350 1643 imminente,
1373 1600 1585 1634 contristari
1605 1602 1639 1634 et
1657 1608 1737 1633 moe-

963 1649 1041 1680 stus
1063 1655 1148 1681 esse.
1170 1645 1264 1688 Quid
1284 1657 1373 1692 ergo
1393 1656 1458 1681 nos
1480 1648 1629 1691 oportet
1643 1645 1739 1681 sace-

964 1703 1005 1727 re
1019 1692 1036 1726 ?
1056 1692 1158 1728 Unde
1189 1695 1445 1737 Hieronymus:
1474 1705 1492 1726 «
1518 1694 1557 1728 In
1578 1693 1648 1728 hoc
1670 1702 1736 1738 pa-

965 1749 1052 1775 vere
1066 1742 1102 1774 et
1116 1738 1259 1775 tristari
1274 1738 1736 1785 docemurantejudicium

966 1788 1109 1829 mortis,
1132 1789 1284 1832 quinon
1300 1797 1499 1832 possumus
1513 1797 1580 1832 per
1595 1797 1659 1822 niis
1677 1786 1733 1822 di-

965 1844 1063 1877 cere,
1085 1833 1157 1869 nisi
1178 1844 1246 1880 per
1263 1834 1368 1869 illum
1393 1846 1401 1870 z
1432 1836 1540 1870 Venit
1566 1835 1738 1879 princeps

964 1881 1093 1916 mundi
1113 1882 1236 1925 huJ'us,
1256 1885 1287 1917 et
1302 1883 1339 1917 in
1354 1891 1408 1916 me
1425 1892 1495 1916 non
1511 1881 1616 1916 habet
1631 1881 1738 1926 quid-

965 1939 1087 1972 quam.
1114 1941 1131 1961 i)
1155 1930 1240 1964 Haec
1260 1932 1383 1964 autem
1418 1927 1572 1963 tristitia
1591 1926 1736 1963 Domini

966 1974 1126 2011 maxima
1154 1975 1234 2019 suit,
1255 1975 1342 2021 quia
1364 1979 1447 2011 tunc
1465 1977 1519 2010 ait
1538 1976 1636 2010 illis.-
1661 1975 1738 2009 Tri—

966 2024 1032 2057 stis
1054 2027 1105 2057 est
1125 2025 1246 2057 (citima
1268 2033 1345 2057 mea
1366 2033 1479 2067 usque
1498 2022 1551 2057 (id
1574 2025 1734 2057 mortem.

969 2069 1150 2105 Usuiiliter
1173 2069 1313 2105 dictum
1337 2073 1404 2113 est,
1431 2069 1468 2104 id
1495 2072 1551 2104 est
1578 2068 1737 2105 multum

966 2117 1082 2152 tristis
1103 2121 1158 2152 est
1184 2116 1309 2153 anima
1342 2127 1438 2160 mea,
1466 2118 1554 2161 quia
1586 2114 1737 2152 tristitia

967 2166 1113 2198 tantum
1142 2163 1291 2199 intensa
1323 2169 1418 2207 erat,
1441 2166 1622 2208 quantum
1655 2172 1738 2198 esse

969 2214 1139 2256 poterat3
1163 2211 1233 2254 vel,
1266 2210 1380 2246 tristis
1407 2214 1460 2246 est
1481 2220 1600 2255 usquo
1621 2209 1668 2245 ad
1689 2208 1738 2244 ti-

968 2268 1111 2293 morem
1130 2259 1274 2301 mortis,
1294 2260 1330 2294 et
1349 2268 1417 2303 pro
1438 2257 1573 2292 timore
1590 2255 1737 2299 mortis,

969 2304 1056 2350 quia
1090 2309 1248 2340 mortem
1287 2310 1398 2340 natui
1401 2304 1510 2340 aliter
1543 2302 1735 2347 timebat3

967 2352 1039 2395 vel,
1074 2362 1200 2397 usque,
1231 2355 1353 2397 potest
1387 2361 1468 2387 esse
1496 2350 1618 2386 ext-lu
1621 2350 1736 2391 ivum,

968 2398 1188 2434 tristabatur
1222 2398 1322 2434 enim
1349 2399 1468 2433 donec
1495 2408 1548 2436 se
1577 2401 1614 2433 et
1650 2407 1737 2432 suos

968 2450 1087 2481 morte
1103 2445 1308 2482 liberaret·
1326 2456 1426 2481 murs
1446 2444 1584 2498 quippe
1605 2454 1735 2497 corpo-

967 2503 1019 2528 ris
1043 2492 1226 2529 absolutio
1247 2497 1302 2528 est
1321 2491 1460 2528 doloris
1482 2494 1518 2527 in
1539 2490 1684 2528 Christo
1701 2493 1737 2543 et

969 2539 1065 2582 suis;
1082 2539 1152 2584 vel,
1173 2543 1297 2586 potest
1317 2549 1396 2574 esse
1415 2538 1651 2582 inclusivum,
1667 2548 1737 2573 sci-

968 2586 1055 2622 licet
1074 2587 1193 2622 donec
1214 2590 1294 2632 post
1327 2589 1442 2621 morti·
1448 2596 1483 2621 m
1504 2595 1610 2621 suam
1629 2585 1736 2620 redi-

968 2638 1053 2669 rent
1071 2633 1233 2680 Apostoli
1249 2633 1295 2669 ad
1307 2634 1388 2679 ejus
1403 2633 1529 2668 fidem.
1541 2632 1643 2668 Unde
1656 2632 1734 2667 An-

967 2682 1128 2716 selmzis:
1145 2695 1162 2713 «
1184 2681 1275 2716 Dat»
1296 2686 1379 2716 aut(
1385 2690 1420 2715 m
1440 2679 1604 2716 caritatis
1622 2680 1658 2713 et
1674 2687 1735 2731 pa-

969 2727 1269 2764 tientiaesalutari
1291 2728 1479 2771 mandato,
1500 2729 1538 2762 et
1555 2724 1736 2771 disposito

968 2775 1145 2811 fratribus
1165 2785 1281 2820 regno
1304 2773 1425 2810 Patris
1440 2774 1509 2815 tui,
1549 2772 1595 2809 ad
1613 2772 1736 2808 locum
