1924 3157
535 135 584 171 lle'
627 137 777 177 PRIMA,

105 212 323 247 cumentum
344 214 413 253 est,
439 209 538 255 quod
565 220 632 256 pro
660 213 827 256 tempore
849 211 886 245 et

106 257 187 294 laco
201 257 347 303 expedit
363 257 559 293 stultitiam
573 257 770 300 simulare3
786 256 883 292 unde

106 306 206 352 quod
239 305 420 341 Dominus
450 306 525 351 ipse
563 306 644 341 sous
686 303 883 351 sapientiae

58 372 61 375 -
105 363 233 389 coram
255 353 401 389 Herode
423 363 491 406 pro
519 353 634 388 stulto
668 350 800 388 haberi
823 351 881 387 di-

104 403 237 447 gnatus
258 403 328 443 est,
351 411 394 437 ex
425 398 798 447 meomprehensibili
821 410 882 436 sa-

105 447 245 494 pientia
263 458 330 484 sua
347 448 547 494 processit,
564 447 665 494 quia,
683 448 713 483 si
730 445 884 492 Sapien-

103 494 194 531 tiam
214 495 337 533 verbis
358 495 414 531 vel
438 494 545 531 sactis
571 505 610 531 se
640 494 882 539 ostendisset,

104 543 271 580 Herodes
298 542 427 589 utique
457 542 677 579 Passionem
703 541 784 588 ejus
812 543 882 578 im-

102 590 321 638 pedivisset.
335 611 381 616 —
393 589 558 626 Tertium
571 593 640 634 est,
655 589 756 636 quod
769 590 882 625 homo

103 638 196 674 nihil
224 641 370 685 quaerat
399 637 438 673 in
465 637 642 681 vestibus,
663 647 740 673 non
767 648 882 673 orna-

101 690 195 731 tum,
217 696 291 722 non
330 684 620 732 pretiositatem,
656 684 722 720 sed
760 685 884 721 solum

103 732 368 770 necessitatem
383 760 391 776 ,
424 733 512 778 quia
547 732 718 769 Salvator
756 735 884 768 noster

102 781 140 817 in
169 783 269 817 veste
297 780 399 817 velut
429 780 552 817 fatuus
581 784 638 816 est
669 779 812 816 illinus.
838 799 883 807 —-

101 828 158 865 Ad
185 827 500 865 conformandum
528 838 568 864 se
592 827 679 864 huie
706 827 881 873 articulo,

102 875 334 923 regratietur
354 876 466 912 homo
483 876 574 920 Deo,
589 875 689 921 quod
711 877 789 921 ipse
815 886 882 911 no-

102 924 174 969 bis,
200 934 286 960 cum
310 934 380 960 sua
399 922 587 967 illusione,
609 927 750 960 vestem
771 923 882 960 inno-

101 971 236 1008 ccutiae
272 972 445 1008 conferre
477 970 651 1017 dignatus
672 976 750 1014 est;
775 970 880 1013 item,

101 1018 284 1066 recogitet
310 1018 472 1065 qualiter
499 1018 578 1065 ipse
601 1018 801 1055 candidam
820 1029 882 1054 ve-

100 1070 196 1103 stem
214 1065 443 1103 innocentiae
461 1065 696 1112 baptismalis
711 1066 883 1113 denigra-

100 1113 166 1158 vit,
194 1117 231 1151 et
263 1117 359 1159 oret,
388 1113 518 1149 dicens
541 1125 548 1149 :
568 1115 668 1158 Jesa,
691 1116 756 1159 qui
786 1117 884 1149 veste

99 1162 185 1198 alba
219 1162 341 1207 indui,
360 1166 393 1197 et
422 1164 462 1197 ut
491 1161 628 1197 stultus
664 1163 710 1196 ab
744 1162 884 1198 Herode

98 1209 212 1246 illudi
232 1210 397 1254 voluisti,
419 1209 468 1245 da
494 1210 585 1245 milii·
611 1209 742 1245 mundi
772 1210 884 1255 hujus

98 1258 347 1304 prudentiam,
364 1267 444 1303 (μιᾶς
459 1258 623 1293 stultitia
643 1260 695 1292 est
711 1258 813 1304 apncl
834 1261 881 1301 te,

100 1307 245 1341 cautius
264 1305 463 1350 declinare,
479 1308 513 1340 et
528 1305 577 1340 ad
594 1308 640 1349 te,
656 1307 722 1351 qui
744 1316 829 1341 vera
849 1316 884 1342 es

102 1354 298 1400 Sapientia
321 1354 526 1399 pervenire.
668 1362 672 1366 ·

152 1416 192 1449 19
212 1401 384 1437 Anicius
403 1411 682 1436 CONFOEDERATIO
704 1411 810 1437 lxma
827 1401 884 1436 Pi-

100 1460 216 1485 mrcu
233 1460 274 1484 ET
293 1449 468 1485 Hsnonen
484 1459 568 1489 Quin
584 1449 740 1484 sicxar?
769 1470 796 1474 --
814 1449 883 1484 Hc-

101 1496 213 1533 rodes
238 1499 378 1541 autem,
407 1506 492 1532 cum
523 1506 598 1531 non
625 1495 811 1532 inveniret
846 1497 882 1532 in

100 1545 248 1581 Christo
270 1554 425 1580 causam
447 1542 595 1587 mortis,
609 1542 759 1579 illusum
772 1550 809 1580 et
824 1543 881 1580 in-

98 1592 234 1629 dutum
253 1595 355 1628 veste
373 1591 459 1628 alba
474 1592 617 1627 remisit
635 1592 684 1626 tul
702 1593 880 1635 Pilatum,

99 1644 138 1677 ut
158 1650 244 1676 eum
270 1639 488 1683 honoraret,
510 1638 606 1675 sicut
641 1637 783 1675 Pilatus
809 1638 881 1675 sihi

98 1687 298 1724 detulerat.
312 1688 355 1723 In
367 1697 441 1734 quo
458 1687 540 1733 ipse
558 1687 742 1733 probatur
758 1686 797 1723 in
819 1697 882 1723 ne-

99 1745 180 1772 cem
210 1734 359 1771 Domini
387 1735 646 1781 consensisse;
670 1734 755 1780 quia
779 1733 881 1770 enim

98 1782 167 1819 suit
193 1782 264 1819 sibi
286 1781 423 1819 missus
443 1785 638 1828 tamquam
664 1782 777 1818 homo
803 1792 881 1819 suae

99 1829 265 1872 ditionis,
289 1840 374 1867 cum
395 1840 472 1866 non
501 1829 645 1865 invenit
665 1830 704 1865 in
725 1840 768 1866 eo
789 1841 879 1867 cau-

98 1888 192 1922 sam,
210 1877 404 1915 debuisset
417 1887 502 1914 eum
521 1877 732 1922 absolvere,
747 1880 784 1914 et
804 1888 881 1914 non

99 1926 224 1963 alieno
241 1925 360 1972 judici
381 1924 587 1962 remittere.
609 1925 763 1962 Remisit
790 1936 880 1972 ergo

99 1984 186 2011 eum
217 1975 384 2010 Herodes
418 1973 553 2017 Pilato,
577 1974 683 2019 quasi
704 1972 848 2009 diceret
870 1984 878 2009 ε

101 2023 171 2058 Fac
192 2021 239 2058 de
259 2031 304 2057 eo
326 2020 513 2068 quidquid
530 2020 710 2057 volueris.
728 2022 771 2057 Et
785 2021 880 2057 forte

99 2068 238 2106 similia
258 2070 375 2106 verba
396 2067 467 2106 sibi
492 2067 744 2105 remandavit.
765 2069 809 2104 Et
829 2070 881 2105 sic

100 2118 283 2154 Dominus
298 2126 382 2153 cum
396 2119 485 2152 nota
498 2115 681 2152 illusionis
696 2116 881 2162 portando

99 2169 243 2201 vestem
263 2164 389 2201 albam
411 2163 536 2209 rediit,
555 2167 592 2200 et
613 2164 771 2200 Herodis
790 2175 881 2200 con-

100 2223 253 2249 sensum
269 2212 314 2249 de
328 2222 395 2248 sua
413 2221 505 2248 nece
515 2221 641 2248 secum
655 2211 800 2248 detulit.
816 2213 884 2248 Hic

100 2263 229 2297 autem
246 2269 454 2296 consensus
471 2258 645 2306 apparuit
663 2258 769 2306 signo
784 2259 884 2296 etfa-

100 2312 158 2345 cto
183 2319 190 2343 :
213 2306 318 2354 signo
342 2307 510 2354 quidem,
531 2308 567 2343 in
588 2307 700 2344 vestis
721 2308 816 2344 albae
835 2307 882 2343 il-

101 2355 266 2399 lusione;
288 2354 400 2397 sacto,
424 2354 464 2391 in
485 2354 660 2391 amicitiae
688 2355 881 2392 confoede·

102 2402 267 2447 ratione,
289 2411 378 2438 nam
401 2405 434 2438 et
455 2404 550 2446 facti
572 2405 658 2438 sunt
677 2404 789 2439 amici
810 2404 882 2439 He-

100 2451 206 2488 rodes
226 2454 259 2486 et
284 2451 428 2486 Pilatus
451 2451 491 2485 in
520 2451 604 2496 ipsa
636 2450 708 2492 die,
727 2454 884 2497 propter

102 2502 274 2535 mutuam
292 2497 544 2533 reverentiam
562 2497 634 2534 sibi
655 2497 816 2534 invicem
833 2498 884 2535 sa-

103 2550 216 2582 etam.
235 2548 329 2584 Nam
353 2548 459 2580 antea
482 2546 623 2581 inimici
637 2550 740 2581 erant
761 2546 810 2581 ad
830 2548 883 2582 in-

102 2595 230 2638 vicem,
264 2598 417 2639 propter
458 2603 588 2628 necem
628 2592 882 2638 Galilaeorum,

104 2644 165 2688 qui
183 2641 231 2677 de
253 2639 409 2677 Herodis
428 2642 679 2686 praepositura
697 2646 734 2677 et
760 2641 882 2677 domi-

103 2689 168 2725 nio
189 2692 311 2732 erant,
331 2698 425 2734 quos
445 2687 585 2723 Pilatus
609 2687 799 2725 occiderat
819 2690 884 2725 mi-

103 2746 213 2773 scens
231 2735 456 2782 sauguinem
478 2745 608 2771 eorum
632 2745 716 2771 cum
737 2735 880 2772 sacriti-

106 2782 175 2821 ciis
192 2794 275 2830 quae
303 2783 539 2827 otini-ebant3
561 2782 624 2818 sed
653 2793 753 2819 nunc
772 2794 885 2831 super

820 138 854 171 ΙΝ
902 138 1113 172 ΙἈὸὃΙυΝΕ
1155 138 1326 172 nomm.

1714 139 1757 171 63

961 210 1031 245 hoc
1052 209 1315 247 reconciliatus
1336 212 1392 246 est
1420 209 1562 247 Pilatus
1588 210 1740 256 llerodi,

960 255 1047 302 quia
1068 267 1135 302 pro
1159 258 1256 293 bono
1288 257 1420 295 habuit
1446 259 1614 295 Herodes
1641 260 1740 305 quod

962 303 1103 340 Pilatus
1130 304 1199 340 sibi
1230 305 1431 350 detulerat,
1457 306 1641 343 mittendo
1674 306 1743 343 sibi

960 351 1298 404 homiiiem,quen1
1320 352 1399 399 ipse
1418 353 1546 390 videre
1565 354 1628 391 diu
1649 352 1745 390 desi-

961 398 1173 435 deraverat.
1189 401 1248 436 Sic
1265 401 1372 436 multi
1395 401 1615 448 frequenter
1633 401 1744 439 amici

961 449 999 482 et
1031 446 1238 483 concordes
1268 446 1305 482 in
1345 449 1665 486 condemnatione
1687 449 1744 487 vel

963 497 1191 530 nocumento
1208 494 1467 531 innocentium
1487 497 1594 540 fiunt,
1607 497 1747 544 quian-

958 543 1023 578 tea
1034 540 1198 588 sibiipsis
1215 541 1373 578 invicem
1387 544 1568 580 contrarii
1581 546 1744 582 suerunt.

962 589 1049 625 Haec
1065 592 1193 625 autem
1212 589 1378 626 amicitia
1398 589 1506 626 Pilati
1527 595 1564 627 et
1586 593 1745 629 Herodis

960 636 1031 673 suit
1052 635 1216 684 signum,
1241 637 1342 683 quod
1370 637 1490 674 Judaei
1517 642 1553 675 et
1580 640 1745 677 Gentiles

961 684 1208 721 convenirent
1229 683 1267 720 in
1287 687 1548 731 persecutione
1568 687 1747 724 Christia-

962 742 1112 768 norum.
1135 732 1239 768 Unde
1258 733 1354 768 Beda
1377 744 1384 768 :
1409 747 1426 765 «
1448 734 1523 770 Hoc
1546 735 1744 771 nefandis—

960 780 1096 816 simum
1119 779 1276 815 Herodis
1297 784 1332 816 et
1356 780 1465 817 Pilati
1488 781 1625 826 soedus,
1646 783 1747 828 quod

960 826 999 863 in
1017 827 1224 864 occidendo
1238 828 1386 864 Christo
1405 828 1644 875 pepIgerunt,
1662 832 1745 867 hac-

962 878 1073 911 teuus
1105 886 1237 911 eorum
1270 876 1367 912 velut
1400 876 1632 913 hereditario
1659 879 1746 923 jure

962 933 1200 959 successores
1221 923 1457 969 custodiunt,
1481 926 1631 971 quando
1653 927 1747 962 Gen-

962 969 1101 1022 tiles'et
1117 970 1239 1007 Judaei
1262 972 1359 1007 sicut
1378 982 1518 1017 genere
1538 976 1576 1008 et
1599 973 1749 1020 religio-

963 1028 1023 1062 ne,
1047 1021 1099 1054 ita
1135 1017 1251 1055 etiam
1285 1024 1411 1064 mente
1447 1019 1685 1065 dissidentes,
1708 1021 1746 1057 in

962 1065 1187 1102 Christianis
1203 1070 1328 1102 tamen
1344 1067 1629 1113 persequendis,
1643 1068 1745 1106 Chri-

960 1112 1083 1159 stique
1119 1113 1158 1149 in
1199 1114 1254 1150 eis
1288 1114 1364 1150 fide
1396 1115 1633 1161 perimenda,
1654 1127 1745 1153 con-

961 1160 1131 1196 sentiunt
1155 1172 1162 1197 :
1187 1176 1204 1193 n
1228 1162 1310 1198 haec
1328 1163 1440 1198 Beda.
1468 1164 1598 1200 Potest
1630 1165 1745 1201 etiam

960 1209 1041 1244 haec
1071 1208 1237 1246 amicitia
1267 1211 1306 1245 in
1337 1210 1437 1246 bono
1459 1210 1592 1257 accipi,
1616 1214 1652 1248 et
1680 1223 1745 1258 per

960 1256 1205 1292 concordiam
1223 1257 1380 1293 tlt-rodis
1397 1262 1434 1294 et
1452 1258 1577 1301 Pilati,
1593 1270 1746 1296 concor—

960 1303 1023 1340 dia
1054 1304 1183 1351 populi
1204 1304 1350 1341 Judaici
1378 1309 1415 1342 et
1441 1307 1600 1343 Gentilis
1622 1307 1746 1355 signi-

960 1351 1080 1388 ficari.
1100 1351 1203 1388 Sicut
1218 1352 1321 1389 enim
1338 1352 1482 1390 Pilatus
1505 1354 1624 1400 primo
1644 1355 1746 1392 misit

959 1401 1089 1436 Jesum
1105 1400 1150 1435 ad
1170 1401 1370 1441 Herodem,
1381 1404 1418 1437 et
1433 1402 1598 1438 Herodes
1612 1406 1745 1449 postea

960 1448 992 1483 ei
1019 1447 1184 1491 remisit;
1208 1448 1261 1483 sie
1282 1449 1437 1485 verbum
1464 1449 1596 1486 salutis
1623 1450 1745 1497 primo

960 1494 1103 1541 recepit
1124 1495 1286 1542 populus
1307 1495 1465 1533 Gentilis
1499 1500 1535 1533 et
1556 1500 1745 1534 annunti-

959 1544 1035 1578 avit
1057 1543 1216 1586 Judaeis;
1231 1542 1270 1579 in
1292 1542 1369 1579 fine
1386 1548 1512 1581 autem
1534 1546 1662 1582 mundi
1678 1545 1744 1582 ite-

958 1600 1042 1626 rum
1074 1590 1226 1627 Judaeus
1263 1590 1429 1627 remittet
1461 1592 1509 1628 ad
1541 1593 1741 1638 tientilem,

958 1638 1111 1684 quando
1142 1648 1210 1684 per
1240 1638 1358 1675 Eliam
1389 1643 1426 1675 et
1452 1641 1608 1676 Henoch
1636 1641 1742 1678 multi

958 1688 1240 1722 convertentur.
1275 1687 1339 1722 Isti
1379 1687 1451 1723 duo
1487 1687 1617 1735 populi
1656 1692 1744 1726 ante

959 1739 1120 1769 mortem
1138 1732 1275 1770 Christi
1296 1741 1405 1770 crant
1423 1734 1566 1771 inimici
1589 1736 1660 1773 sibi
1682 1736 1741 1773 in-

958 1782 1079 1817 vicem
1100 1786 1138 1818 et
1160 1780 1368 1826 discordes,
1389 1783 1455 1819 sed
1471 1787 1555 1830 post
1580 1788 1742 1821 mortem

959 1827 1100 1865 Christi
1120 1828 1208 1865 facti
1233 1831 1320 1866 sunt
1339 1829 1452 1866 amici
1473 1836 1509 1867 et
1535 1833 1744 1870 concordes

957 1875 996 1912 in
1018 1876 1092 1913 fide
1112 1877 1214 1924 ejus;
1239 1876 1326 1923 quia
1340 1879 1418 1923 ipse
1434 1881 1487 1914 est
1503 1890 1580 1925 pase
1600 1884 1740 1925 nostra,

959 1925 1024 1970 qui
1043 1926 1132 1967 feeit
1150 1928 1307 1971 utraque
1324 1936 1448 1962 unam.
1467 1927 1573 1963 Unde
1589 1928 1744 1964 Ambro-

958 1973 1035 2008 sius
1059 1983 1067 2008 z
1098 1985 1116 2006 <‹
1139 1974 1180 2008 In
1200 1975 1287 2019 typo
1304 1972 1420 2009 etiam
1446 1974 1604 2011 Herodis
1629 1979 1745 2022 atque

961 2020 1083 2064 Pilati,
1107 2019 1194 2066 quia
1215 2019 1328 2057 amici
1346 2032 1391 2057 ex
1413 2020 1577 2058 inimicis
1596 2033 1662 2069 per
1681 2025 1744 2061 Je-

960 2078 1043 2104 sum
1061 2068 1254 2104 Christum
1270 2069 1357 2105 saeti
1373 2072 1472 2114 sunt,
1489 2069 1609 2116 plebis
1628 2070 1744 2108 Israel

959 2119 997 2152 et
1032 2116 1161 2162 populi
1197 2115 1360 2153 Gentilis
1393 2116 1517 2163 figura
1556 2122 1744 2165 servatur,

960 2163 1061 2210 quod
1070 2174 1138 2210 per
1152 2163 1299 2200 Domini
1312 2164 1533 2201 Passionem
1547 2165 1744 2214 utriusque

958 2214 1006 2247 sit
1043 2211 1170 2248 futura
1209 2211 1428 2257 concordia,
1464 2214 1515 2249 ita
1546 2213 1675 2250 tamen
1705 2217 1745 2251 ut

959 2258 1064 2306 prius
1094 2258 1257 2306 populus
1294 2259 1491 2296 nationum
1527 2261 1651 2308 capiat
1677 2261 1745 2299 Dei

961 2308 1132 2350 verbum,
1156 2310 1194 2342 et
1223 2307 1270 2343 ad
1304 2306 1489 2354 populum
1526 2308 1747 2348 Judaeorum

959 2354 1049 2391 fidei
1068 2365 1147 2390 suae
1169 2354 1410 2391 devotionem
1434 2356 1670 2393 transmittat
1691 2370 1699 2394 :
1727 2372 1740 2391 n

959 2403 1040 2439 haec
1062 2402 1292 2438 Ambrosius.
1323 2402 1350 2439 O
1383 2406 1525 2449 quanta
1551 2404 1746 2443 humilitas

960 2453 996 2487 et
1027 2449 1209 2497 patientia
1235 2449 1384 2486 Domini
1415 2452 1521 2496 Jesu,
1545 2451 1609 2498 qui
1630 2452 1677 2489 de
1703 2464 1745 2490 se

960 2498 1068 2543 quasi
1091 2497 1137 2533 de
1159 2497 1263 2534 fatuo
1283 2497 1529 2545 permittebat
1545 2499 1666 2537 malos
1686 2501 1742 2538 lu-

959 2546 1063 2588 dere,
1082 2544 1231 2581 mittere
1252 2555 1292 2581 se
1311 2548 1347 2581 et
1364 2545 1573 2592 remittere,
1589 2551 1627 2584 et
1643 2548 1745 2594 quod

960 2593 1137 2629 volebant
1157 2592 1302 2629 facere!
1329 2594 1431 2630 Hanc
1451 2599 1577 2631 autem
1599 2595 1745 2634 missio-

960 2652 1046 2676 uem
1068 2641 1146 2687 ipse
1167 2640 1347 2677 Dominus
1370 2641 1454 2677 fieri
1476 2642 1654 2679 voluitad
1669 2654 1745 2680 ma·

957 2689 1080 2735 jorem
1103 2691 1139 2723 et
1159 2687 1435 2725 evidentiorem
1457 2699 1534 2726 suae
1554 2689 1745 2727 innocen-

961 2735 1024 2772 tiae
1055 2735 1327 2772 ostensionem.
1350 2737 1502 2773 Intuere
1537 2748 1623 2774 eum
1645 2749 1746 2774 nunc

961 2783 1072 2827 bene,
1096 2783 1185 2819 dum
1205 2782 1356 2820 ducitur
1379 2787 1418 2820 et
1443 2784 1648 2826 reducitur,
1668 2785 1743 2822 de-
