1924 3157
167 157 226 192 ¹38
615 156 828 191 SECUNDAE
866 157 1024 193 PARTIS
1061 155 1198 191 CAPUT
1236 154 1346 188 Lxlv

171 228 290 263 stinus
310 238 321 261 :
344 237 362 259 «
383 224 463 267 Ille,
487 224 625 270 inquit,
647 225 801 272 sanguis
827 227 866 264 in
886 239 947 265 re-

171 272 388 311 missionem
411 274 516 308 tusus
534 275 590 308 est
608 278 848 319 peccatorum
871 286 881 319 3
911 286 948 312 a-

173 332 245 368 qua
266 320 330 356 illa
350 318 514 356 salutare
543 321 731 366 temperat
756 323 947 369 poculum.

173 369 256 404 haec
289 366 478 402 lavacrum
505 370 658 413 praestat
687 372 725 405 et
760 373 901 415 potum.
930 383 948 404 n

176 417 253 451 Hoc
271 414 563 460 praenuntiabat,
586 415 686 461 quod
705 417 838 460 Noe-in
858 417 950 453 late-

174 472 216 498 re
237 472 334 497 arcae
352 460 487 497 ostium
507 461 631 498 facere
644 460 949 510 jussusesuquo

172 508 361 544 intrarent
393 508 586 554 animalia,
622 520 706 556 quae
732 522 806 547 non
843 514 951 547 erant

173 555 313 592 diluvio
348 555 530 602 peritura,
557 556 692 602 quibus
724 558 949 604 praefigura-

172 604 283 640 batur
312 602 489 640 Ecclesia.
518 605 571 640 De
601 605 679 641 istis
709 605 821 641 etiam
865 616 949 642 san-

173 650 289 698 guine
306 654 345 686 et
363 660 462 696 aqua
479 649 569 687 dicit
585 651 685 688 idem
703 653 949 697 Anqustinus.

173 697 276 744 quod
297 697 476 734 credibile
493 703 548 734 est
565 699 667 744 quod
688 699 783 736 latro
799 699 873 739 ille,
892 701 949 736 cui

170 744 342 792 promisit
361 745 542 782 Dominus
565 747 796 792 paradisum,
821 758 949 793 asper-

172 803 234 828 sus
257 792 326 828 fuit
345 803 444 838 aqua
462 799 500 828 et
521 793 719 839 sanguine,
741 794 788 830 de
812 794 950 830 Christi

174 839 291 876 latere
312 839 563 884 exilientibus,
576 847 612 875 et
632 840 697 876 tali
716 840 951 877 sanctissimo

171 886 399 933 Baptismate
426 887 592 923 salvatus
629 887 677 922 sit
697 899 705 931 ;
746 898 830 924 cum
870 888 951 924 sine

173 933 399 978 Baptismate
434 944 545 970 nemo
568 934 745 979 salvetur,
769 936 826 970 vel
840 946 951 981 mmar-

171 979 281 1027 tyrio.
311 1000 358 1008 —
377 981 544 1017 Tertium
576 979 845 1018 documentum
858 979 950 1027 nest,

174 1028 272 1074 quod
293 1039 363 1064 nos
378 1038 527 1064 omnem
537 1029 767 1065 voluntatem
783 1033 951 1066 nostram

173 1076 408 1111 conformare
445 1076 624 1112 debemus
650 1077 831 1113 voluntati
857 1077 949 1112 divi-

172 1132 245 1167 nae,
267 1125 304 1158 et
318 1122 417 1168 quod
428 1122 600 1159 voluntas
616 1123 680 1159 Dei
701 1124 738 1159 in
759 1123 949 1170 omnibus,

173 1173 210 1206 et
229 1180 344 1216 super
363 1169 491 1206 omnia
512 1172 559 1206 sit
572 1171 682 1208 nobis
701 1175 852 1218 accepta
875 1183 882 1207 :
905 1183 949 1208 eo

174 1217 274 1264 quod
301 1227 366 1254 cor
402 1217 536 1254 Christi
562 1219 801 1255 vulneratum
822 1223 878 1255 est
910 1230 951 1255 a-

172 1264 288 1300 moris
305 1265 458 1301 vulnere
481 1270 635 1312 propter
661 1277 744 1310 nos,
767 1270 950 1312 quatenus

171 1322 238 1347 nos
260 1322 325 1357 per
357 1322 525 1348 amorem
547 1313 782 1360 reciprocum
810 1315 950 1350 intrare

171 1359 358 1406 possimus
378 1369 446 1405 per
478 1360 614 1407 ostium
647 1358 776 1405 lateris
803 1361 850 1397 ad
887 1371 952 1397 cor

171 1407 264 1452 erS‚
287 1412 323 1442 et
341 1406 392 1442 ibi
417 1408 577 1442 omnem
589 1418 757 1443 amorem
778 1412 950 1444 nostrum

171 1454 218 1489 ad
243 1464 351 1489 suum
389 1453 555 1489 divinum
577 1464 744 1490 amorem
781 1455 948 1500 counire,

174 1503 212 1536 ut
235 1500 332 1536 sicut
358 1501 498 1536 ferrum
536 1502 703 1538 candens
726 1513 810 1538 cum
849 1504 948 1549 igne,

172 1548 208 1583 in
233 1558 349 1584 unum
374 1548 568 1594 redigatur
604 1560 788 1586 amorem.
830 1551 949 1586 Homo

172 1597 273 1632 enim
295 1595 423 1631 omnia
443 1595 632 1633 desideria
650 1607 716 1633 sua
740 1597 852 1633 debet
866 1597 948 1633 sun-

171 1642 261 1678 dare
288 1649 325 1679 et
358 1642 535 1679 ordinare
570 1643 608 1680 in
648 1645 783 1689 Deum,
820 1655 949 1680 amore

170 1689 309 1726 Christi
331 1703 341 1726 ι
363 1689 450 1736 quia
471 1691 644 1736 pedibus,
683 1702 750 1738 per
786 1703 879 1738 quos
900 1692 951 1728 af-

169 1737 288 1773 fectus
308 1738 555 1784 accipiuntur,
580 1743 634 1774 est
659 1739 889 1783 efficimus}
914 1743 951 1775 et

169 1784 208 1820 in
231 1783 405 1821 omnibus
424 1785 536 1821 bonis
554 1785 730 1832 operibus
746 1797 786 1822 se
807 1797 952 1822 exerce-

171 1842 226 1877 re,
251 1842 295 1868 ac
327 1839 462 1868 cuncta
483 1832 581 1869 mala
616 1844 731 1880 opera
768 1834 949 1875 devitare,

171 1889 301 1916 amore
338 1879 489 1923 Christi,
530 1880 618 1926 quia
652 1880 844 1926 manibus,
883 1892 952 1928 per

171 1937 265 1972 quas
280 1937 396 1974 opera
407 1926 658 1974 accipiuntur,
673 1928 871 1964 crucifixus
884 1932 950 1973 est;

172 1984 322 2010 omnem
344 1985 433 2010 vero
467 1975 698 2011 voluntatem
739 1986 847 2012 suam
869 1987 955 2011 ron-

171 2021 338 2058 formare
367 2022 551 2058 voluntati
591 2022 743 2067 divinae,
780 2034 848 2070 pro
889 2023 953 2058 illo

172 2070 312 2121 amoris
329 2069 500 2113 vulnere,
515 2071 613 2115 quod
626 2070 666 2106 in
685 2081 793 2106 cruce
807 2081 874 2116 pro
888 2071 954 2107 ho-

168 2125 270 2152 mme
290 2115 447 2163 accepit,
475 2127 558 2152 cum
573 2116 798 2154 invincibilis
815 2119 954 2154 amoris

170 2163 307 2216 sagitta
325 2174 389 2199 cor
408 2174 519 2200 suum
537 2165 759 2201 mellifluum
786 2166 954 2212 persora-

172 2214 236 2246 vit.
260 2211 332 2246 Per
350 2211 448 2247 istud
462 2212 598 2248 vulnus
613 2212 721 2258 quasi
738 2223 804 2258 per
814 2214 952 2249 ostium

171 2257 310 2294 amoris
336 2259 568 2303 Auqustinus
606 2258 827 2304 intraverat,
867 2271 950 2296 cuin

171 2304 319 2341 dicebat
338 2320 346 2342 z
371 2319 388 2358 ς(
407 2306 595 2352 Longinus
617 2307 764 2353 aperuit
787 2307 877 2343 mihi
902 2307 952 2343 la-

168 2354 228 2387 tus
245 2353 380 2404 Christi
402 2353 558 2398 lancea;
581 2358 617 2390 et
633 2365 701 2400 ego
725 2353 876 2398 intravi,
898 2354 952 2390 ibi

166 2408 362 2444 requiesco
400 2411 568 2436 sucurus.
605 2402 706 2438 Clavi
745 2406 781 2438 et
819 2401 950 2438 lancea

171 2445 333 2481 clamant
349 2446 456 2499 mihi,
470 2448 569 2494 quod
587 2460 673 2485 vere
686 2448 951 2486 reconciliatus

170 2502 254 2529 sum
288 2493 451 2538 Christo,
475 2497 503 2530 si
537 2506 621 2531 eum
651 2507 841 2533 amavero.
866 2509 882 2530 i)
914 2517 945 2522 -

166 2539 223 2576 Ad
257 2540 572 2578 conformandum
592 2554 632 2579 se
650 2543 737 2579 huie
769 2543 947 2588 articulo,

168 2591 443 2640 rememoretur
461 2590 587 2635 homo,
619 2601 731 2637 quam
773 2601 948 2636 superex—

128 2648 130 2650 ’
170 2633 480 2671 celienussimum
511 2646 678 2673 amorem
707 2637 878 2674 Christus
909 2637 949 2674 in

170 2683 365 2734 apertione
386 2681 514 2719 lateris
532 2683 586 2719 sui
600 2685 708 2720 nobis
726 2685 948 2730 ostenderit,

169 2739 208 2782 in
228 2739 301 2775 quo
319 2729 426 2766 nobis
452 2729 594 2766 aditum
620 2732 788 2777 patulum
815 2733 862 2768 ad
886 2743 950 2768 cor

170 2786 251 2821 eJus
271 2775 385 2812 dedit.
404 2776 568 2813 Festinet
580 2788 668 2825 ergo
682 2779 948 2816 homointrare

1021 227 1067 264 ad
1089 236 1153 262 cor
1173 223 1325 268 Christi,
1349 234 1393 260 ac
1425 223 1622 271 recolligat
1646 234 1798 261 omnem

1021 283 1189 311 amorem
1213 282 1336 315 suum,
1359 273 1396 307 et
1430 271 1580 308 couniat
1598 271 1717 308 amori
1737 271 1797 308 di-

1021 322 1123 364 vino,
1145 318 1371 355 revolvendo
1391 317 1431 354 in
1449 323 1576 355 mente
1597 329 1665 355 sua
1686 319 1797 355 docu-

1022 372 1149 404 menta
1167 365 1373 413 praemissa.
1393 365 1589 411 Recogitet
1602 365 1716 402 etiam
1735 366 1799 402 ho-

1023 425 1098 459 m0,
1123 417 1267 461 quanta
1296 412 1452 449 caritate
1473 411 1641 449 Christus
1670 424 1714 449 ex
1744 412 1799 449 la-

1022 466 1102 498 tere
1123 472 1190 498 suo
1207 459 1314 497 nobis
1328 459 1535 506 profuderit
1545 463 1798 505 sacramenta,

1024 509 1159 556 quibus
1178 508 1362 544 intremus
1380 506 1428 543 ad
1448 506 1563 542 vitam
1589 510 1794 551 aeternam3

1022 557 1080 593 vel
1103 556 1210 600 alias,
1231 555 1326 591 sieut
1346 552 1528 590 Dominus
1547 553 1744 590 meditanti
1764 557 1802 590 et

1023 603 1146 640 oranti
1174 603 1411 639 devotionem
1434 600 1678 638 ministrabit.
1699 603 1800 646 Jesu,

1024 654 1089 697 qui
1111 653 1207 687 latus
1234 651 1394 696 corporis
1421 650 1476 685 tui
1506 649 1654 690 mortui,
1676 649 1803 684 lancea

1024 701 1176 745 aperiri,
1192 702 1224 734 et
1243 697 1375 733 eminete
1385 697 1600 741 sanquinem
1615 699 1649 731 et
1665 705 1803 742 aquam

1023 749 1124 781 eaeire
1161 746 1324 789 voluisti,
1370 745 1534 787 vulnera,
1573 753 1708 789 quaeso,
1744 752 1805 778 cor

1023 804 1138 828 meum
1160 795 1285 828 lancea
1308 793 1490 830 caritatis.
1518 793 1558 826 ut
1579 792 1654 826 tuis
1668 790 1804 834 dignus

1024 842 1166 886 efficiar
1181 841 1432 883 sacramentis,
1447 848 1527 883 quae
1544 838 1587 873 de
1603 837 1725 873 eodem
1741 847 1802 872 sa-

1025 889 1229 923 cratissimo
1244 888 1355 922 tatere
1364 887 1630 931 profluxerunt.
1642 886 1684 920 In
1700 894 1804 930 aper-

1025 939 1108 970 tura
1131 935 1257 969 lateris
1278 935 1347 974 tui,
1369 934 1534 976 Domine,
1559 932 1741 978 aperuisti
1760 941 1805 967 e—

1026 983 1126 1017 lectis
1138 983 1211 1017 tuis
1221 981 1378 1026 januam
1397 981 1492 1015 vitae.
1512 980 1708 1025 Haecporta
1725 981 1804 1024 tua,

1023 1031 1186 1074 Domine,
1207 1029 1303 1073 ,iusti
1320 1027 1512 1063 intrabunt
1532 1028 1571 1062 in
1591 1036 1682 1062 eam.
1705 1026 1805 1069 Noli,

1023 1078 1187 1121 Domine,
1213 1085 1346 1121 quaeso,
1372 1075 1615 1120 iniquitatum
1641 1083 1806 1109 mearum

1023 1124 1222 1165 recordari,
1241 1127 1281 1158 ut
1299 1125 1449 1168 propter
1467 1131 1526 1157 eas
1544 1122 1637 1156 mihi
1655 1120 1808 1156 claudas

1025 1172 1167 1207 aditum
1189 1173 1312 1221 istum,
1350 1179 1455 1215 quem
1488 1168 1737 1214 peccatoribus
1775 1170 1808 1203 et

1023 1219 1280 1265 poenitentibus
1300 1217 1512 1264 providisti.

1077 1269 1115 1302 15
1144 1268 1266 1301 BEATA
1289 1267 1409 1301 MAiuA
1440 1274 1549 1299 vineo
1571 1273 1694 1298 SENTrr
1712 1272 1803 1298 vm,-

1024 1325 1090 1349 Nus
1114 1324 1260 1349 Lare-ms
1281 1313 1438 1349 Cnnlsn.
1467 1330 1511 1336 —
1534 1311 1579 1345 Et
1599 1309 1683 1346 licet
1704 1307 1804 1346 istud

1026 1361 1159 1397 vulnus
1181 1359 1308 1397 lateris
1338 1369 1415 1395 non
1439 1356 1598 1394 senserit
1619 1356 1802 1401 Christus,

1025 1407 1113 1453 quia
1153 1412 1336 1451 mortuus,
1377 1406 1485 1441 beata
1521 1408 1649 1441 tamen
1683 1403 1798 1449 Virgo

1025 1457 1142 1490 Mater
1160 1455 1243 1501 eJ'us
1260 1455 1356 1490 bene
1373 1451 1505 1494 sensit,
1538 1452 1642 1498 qu'us
1662 1451 1802 1487 felicis-

1026 1501 1161 1538 simam
1188 1503 1353 1538 animam
1381 1498 1542 1535 crudelis
1582 1499 1645 1534 illa
1673 1498 1805 1534 lancea
1834 1509 1837 1511 ’

1024 1553 1113 1586 tunc
1131 1548 1333 1585 transfixit.
1361 1549 1465 1584 Tunc
1497 1546 1580 1592 ipsa
1606 1545 1802 1591 deficiens,

1024 1601 1061 1632 et
1080 1596 1187 1643 quasi
1212 1600 1363 1631 mortua
1379 1593 1515 1631 cecidit
1529 1595 1628 1629 inter
1645 1593 1804 1630 brachia

1024 1644 1257 1690 lllagdalenae
1278 1643 1315 1678 in
1340 1648 1494 1678 terram.
1515 1640 1629 1677 Vides
1660 1639 1806 1686 quoties

1025 1693 1136 1727 hodie
1154 1694 1302 1727 mortua
1321 1693 1391 1734 est,
1417 1688 1529 1725 toties
1568 1692 1684 1731 certe,
1705 1698 1804 1734 quo—

1026 1738 1095 1775 ties
1114 1738 1264 1774 videbat
1289 1741 1423 1774 contra
1442 1735 1575 1772 Filium
1595 1734 1679 1771 fieri
1698 1733 1804 1770 novi-

1024 1790 1154 1822 tatem.
1181 1786 1286 1822 Unde
1305 1795 1406 1821 nnnc
1424 1783 1591 1830 perfecte
1612 1781 1806 1818 verilicata

1026 1833 1132 1870 estin
1154 1843 1199 1869 ea
1217 1833 1403 1869 Simeonis
1426 1829 1639 1878 piophetia,
1663 1839 1737 1875 qua
1754 1828 1804 1865 si-

1026 1880 1063 1917 bi
1090 1880 1233 1916 dixerat
1255 1891 1263 1915 :
1285 1882 1332 1916 Et
1367 1883 1468 1915 tuam
1490 1879 1609 1924 ipsius
1642 1878 1804 1913 animam

1022 1928 1266 1975 pertransibit
1286 1927 1448 1972 qladius.

1079 1979 1119 2012 ιθ
1135 1977 1298 2011 Dominus
1314 1984 1517 2011 SANGUINEM
1540 1983 1668 2009 runnu
1682 1982 1803 2008 rusm-

1026 2035 1085 2064 nn,
1130 2034 1337 2058 PLssmssme
1363 2033 1406 2057 ET
1426 2032 1667 2057 acensissmu.
1690 2039 1734 2046 -—
1754 2020 1806 2055 Ex

1026 2071 1097 2106 hac
1114 2071 1238 2106 cordis
1259 2068 1397 2106 Christi
1419 2068 1614 2114 scissione,
1641 2078 1664 2104 a
1698 2068 1806 2113 cujus

1027 2128 1180 2163 arcano,
1201 2120 1396 2162 tamquam
1426 2126 1449 2152 a
1482 2116 1600 2161 fonte,
1639 2114 1806 2162 pretium

1025 2168 1165 2201 nostrae
1189 2164 1320 2201 salutis
1359 2165 1508 2210 copiose
1538 2165 1593 2199 est
1627 2162 1803 2206 effusum,

1026 2212 1160 2248 merito
1180 2212 1293 2248 etiam
1308 2212 1356 2249 ad
1376 2209 1683 2256 compatiendum
1703 2212 1741 2246 et
1762 2219 1803 2245 a·

1026 2260 1204 2296 mandum
1213 2260 1434 2296 vulneratur
1443 2269 1509 2294 cor
1519 2262 1706 2302 nostrum,
1717 2255 1807 2302 quia

1023 2306 1083 2343 hic
1105 2307 1265 2343 maxime
1302 2305 1490 2353 apparuit,
1512 2315 1625 2351 quam
1650 2303 1805 2350 copiosa

1024 2355 1123 2400 apud
1138 2365 1223 2391 eum
1236 2352 1444 2400 redemptio
1461 2352 1586 2389 fuerit.
1601 2352 1707 2388 Unde
1720 2352 1805 2387 Ber-

1024 2403 1184 2438 nardus:
1201 2415 1217 2435 «
1235 2402 1289 2438 Ad
1309 2400 1499 2437 cumulum
1518 2403 1710 2446 postremo
1725 2397 1806 2444 pie·

1024 2450 1112 2485 tatis
1122 2448 1275 2485 tradidit
1286 2448 1323 2484 in
1337 2453 1493 2484 mortem
1504 2446 1669 2483 animam
1681 2455 1803 2492 suam,

1023 2500 1059 2531 et
1079 2497 1124 2531 de
1148 2496 1298 2541 proprio
1324 2497 1441 2532 latere
1461 2493 1618 2541 protulit
1637 2492 1802 2540 pretium

1025 2543 1305 2588 satisfactionis,
1333 2553 1407 2588 quo
1443 2544 1612 2588 placaret
1637 2542 1800 2586 Patrem,

1024 2601 1091 2636 per
1113 2591 1210 2636 quod
1231 2590 1335 2627 illum
1360 2590 1466 2635 plane
1488 2588 1535 2625 ad
1562 2598 1602 2624 se
1636 2587 1800 2624 versicu-

1024 2638 1100 2674 lum
1121 2637 1260 2674 traxit:
1291 2637 1404 2683 Apud
1430 2637 1622 2672 Dominum
1650 2636 1801 2669 miseri-

1023 2685 1206 2731 cordia,et
1224 2687 1368 2731 copiosa
1379 2684 1479 2730 apud
1496 2693 1574 2719 eum
1587 2682 1798 2727 redemptio.

1023 2733 1184 2769 Prorsus
1211 2731 1376 2778 copiosa,
1397 2730 1484 2778 quia
1498 2740 1574 2767 non
1592 2731 1713 2776 gutta,
1735 2727 1800 2765 sed

1022 2780 1121 2816 unda
1146 2778 1344 2826 sanguinis
1366 2777 1523 2825 largiter
1543 2786 1612 2823 per
1632 2775 1800 2822 quinque
