1872 3147
135 205 177 241 20
600 199 807 235 SECUNDAE
844 199 1003 234 PARTIS
1042 199 1178 233 CAPUT
1215 198 1297 233 LIX

133 279 179 314 Et
204 274 398 321 angustias
424 273 576 320 quidem
597 271 722 308 cordis
742 270 794 307 tui
827 271 905 307 dul-

132 323 269 361 cissimi
285 321 492 359 certissime
507 319 698 355 indicabat
713 318 828 355 sudor
843 317 906 354 ille

128 370 370 417 sanguineus,
387 367 449 414 qui
469 365 652 403 orationis
672 369 842 411 ternpore
860 365 906 401 de

127 417 362 455 sanctis<ima
381 425 492 450 carne
510 417 575 450 tua
590 412 763 459 guttatim
778 412 907 448 decur-

126 467 233 502 rebat
262 464 300 498 in
328 466 480 498 terrrm.
509 460 729 496 Dominator
751 459 906 495 Domine

126 515 228 550 Jesu.
243 510 341 546 unde
361 508 498 544 animae
517 510 591 544 tuae
608 511 685 542 tam
705 507 907 542 vehemens

128 557 310 596 tristitia?
325 556 430 592 Unde
447 558 552 591 tanta
563 553 710 591 sudoris
723 552 906 596 anxietas,

130 609 168 643 et
190 609 267 641 tam
287 603 398 640 anxia
425 601 674 648 supplicatio?
695 602 824 636 Nonne
846 610 907 635 vo-

130 653 332 690 luntarium
373 649 527 686 omnino
562 647 792 684 sacrificium
832 648 907 682 Deo

131 699 232 736 Patri
251 696 433 740 obtulisti,
453 700 490 733 et
515 695 608 731 nihil
629 695 766 730 invitus
786 698 908 739 pertu-

131 746 232 783 listi‘?
270 744 418 790 Utique,
457 742 630 779 Domine.
672 740 910 777 Arbitramur

131 798 254 830 autem
280 791 378 838 quod
399 795 437 827 et
452 792 520 826 hoc
541 799 692 835 quoque
714 788 760 823 ad
782 798 911 823 conso-

132 841 312 878 lationem
363 838 604 874 infirmorum
654 836 910 871 membrorum

130 891 282 925 tuorum
304 883 554 931 assumpsisti,
576 894 624 919 ne
655 883 751 918 sorte
778 882 909 925 despe-

131 938 188 971 ret
208 933 303 980 quis,
319 932 351 968 si
368 943 454 968 caro
473 931 625 966 infirma
641 931 910 981 remurmuret,

131 982 192 1018 ubi
219 981 266 1017 ad
291 980 505 1026 passionem
535 981 730 1022 promptus
753 979 810 1011 est
837 986 911 1021 spi-

132 1028 239 1065 ritus.
262 1026 445 1064 Nimirum
468 1028 505 1061 et
527 1028 567 1060 ut
583 1024 747 1069 maJ'ores
768 1033 858 1068 erga
877 1027 912 1058 te

133 1075 275 1112 amoris
296 1077 333 1110 et
353 1070 594 1119 gratitudinis
615 1070 786 1106 stimulos
804 1071 915 1105 habe-

134 1133 275 1163 remus,
289 1120 500 1157 naturalem
513 1117 639 1154 carnis
653 1115 915 1169 infirmitatem

134 1168 395 1215 hujuscemodi
417 1165 566 1202 indiciis
585 1165 670 1201 inte
684 1164 914 1211 expressisti,

136 1218 273 1264 quibus
294 1216 487 1258 docemur,
505 1213 593 1259 quia
607 1223 693 1247 vere
713 1212 916 1258 languores

136 1268 287 1301 nostros
309 1261 482 1309 portasti,
495 1264 531 1296 et
548 1270 621 1295 non
641 1260 783 1305 absquo
805 1269 918 1312 sens-u

132 1311 273 1350 doloris
290 1308 507 1356 passionum
525 1310 651 1343 sentes
679 1309 914 1352 percurristi.

133 1362 212 1397 Vox
232 1359 331 1393 enim
351 1356 416 1391 illa
433 1366 501 1391 vox
520 1353 645 1390 carnis
675 1353 788 1389 fuisse
815 1354 917 1389 vide-

136 1411 212 1449 tur,
229 1416 301 1441 non
317 1402 479 1450 spiritus,
493 1413 536 1438 eo
553 1401 652 1447 quod
667 1400 891 1446 subjunxisti
907 1411 915 1435 :

137 1455 302 1501 Spiritus
315 1451 462 1496 quidem
472 1452 662 1495 promptus
677 1452 742 1489 est,
759 1458 842 1483 caro
857 1459 918 1482 au-

137 1505 205 1538 tem
224 1502 370 1544 infirma
392 1509 400 1532 :
421 1511 439 1529 ›>
462 1497 542 1532 haec
561 1496 770 1531 Anselmus.
792 1494 918 1530 Voluit

135 1552 261 1586 autem
303 1544 482 1582 Dominus
510 1542 732 1589 sanguinem
766 1542 915 1585 sudare,

135 1599 289 1643 propter
310 1591 492 1639 plurimas
516 1589 695 1626 rationes.
734 1609 768 1615 —
792 1589 918 1625 Prima

135 1647 205 1687 est,
233 1639 441 1677 secundum
469 1639 736 1682 Auqustinum,
759 1636 806 1672 ad
826 1637 917 1682 figu-

135 1690 312 1731 randum,
333 1686 432 1732 quod
466 1686 511 1721 de
544 1695 701 1730 corpore
728 1694 795 1719 suo
821 1687 914 1728 toto,

134 1738 231 1783 quod
253 1738 309 1771 est
333 1733 513 1776 Ecclesia,
542 1730 696 1777 sanguis
722 1731 917 1767 effunden-

133 1785 216 1827 dus,
239 1785 275 1818 et
295 1783 517 1817 emanatura
548 1781 656 1814 erant
693 1779 915 1814 Sanctorum

134 1830 327 1876 martyria.
350 1848 394 1854 -—
417 1826 589 1864 Secunda
616 1829 686 1869 est,
709 1826 915 1861 secundum

133 1879 283 1921 Bedam,
302 1878 342 1911 ut
363 1886 428 1919 per
456 1878 598 1910 terram
625 1872 809 1920 sanguine
831 1873 914 1907 irri-

135 1928 276 1972 gatam,
297 1923 510 1958 declararet
538 1925 712 1956 terrenos
744 1919 916 1956 homines

136 1971 321 2019 sanguine
342 1980 409 2005 suo
430 1967 672 2004 redimendos
687 1971 722 2002 et
737 1968 918 2003 mundan-

136 2021 217 2056 dos.
232 2016 413 2053 ——Tertia
431 2019 496 2054 est,
512 2015 717 2051 secundum
736 2014 914 2058 GCossam,

136 2070 176 2103 ut
194 2069 316 2102 toturn
339 2063 521 2099 mundum
545 2061 706 2107 peccatis
727 2065 916 2097 mortuum

136 2114 183 2151 ad
206 2113 319 2148 vitam
347 2110 601 2152 resuscitaret,
625 2109 708 2144 ideo
737 2108 916 2144 sudorem

138 2170 247 2198 suum
275 2157 523 2204 sanguineum
553 2157 600 2192 ad
626 2160 765 2192 terram
783 2156 916 2191 decur-

137 2218 220 2245 rere
237 2206 395 2242 volebzit.
420 2227 449 2230 -
470 2205 611 2248 Quarta
625 2207 693 2246 est,
711 2203 918 2239 secundum

138 2254 377 2294 Bernardum,
400 2256 442 2288 ut
465 2263 539 2287 non
561 2251 683 2287 solum
702 2250 835 2294 oculis,
854 2251 919 2286 sed

138 2306 176 2339 et
208 2300 314 2347 quasi
349 2298 529 2336 membris
562 2297 738 2334 omnibus
770 2298 919 2334 flevisse

136 2349 321 2391 videatur,
343 2350 456 2392 atque
476 2345 527 2381 sic
550 2349 668 2381 totum
693 2355 829 2391 corpus
843 2345 921 2390 ejus

137 2397 352 2443 mysticum,
376 2393 475 2440 quod
512 2396 569 2428 est
602 2391 781 2435 Ecclesia,
803 2392 920 2428 totius

135 2442 303 2488 corporis
327 2440 466 2485 proprii
483 2439 660 2485 lacrymis
678 2442 917 2485 purgaretur.

138 2512 173 2517 —-
203 2489 341 2533 Quinta
361 2492 430 2530 est,
453 2492 491 2523 ut
520 2498 584 2531 per
604 2497 827 2532 sanguinem
853 2487 918 2522 de-

133 2540 348 2574 currentem
363 2535 402 2570 in
418 2538 573 2573 terram,
588 2536 805 2569 ostenderet
817 2533 919 2579 quod

136 2595 203 2632 pro
225 2588 341 2627 terra,
363 2581 398 2617 id
421 2586 477 2617 est
498 2580 663 2616 Ecclesia
681 2580 803 2616 adhue
827 2580 919 2615 mili-

136 2635 239 2667 tante
267 2630 304 2665 in
332 2633 434 2664 terra
467 2629 612 2671 orabat,
639 2631 674 2663 et
698 2627 918 2673 sanguinem

136 2689 246 2715 suum
272 2677 467 2719 fundebat,
488 2680 525 2711 et
550 2676 669 2721 ipsam
694 2685 759 2710 suo
782 2674 917 2721 irriga-

134 2730 212 2763 tam
239 2723 424 2770 sanguine
452 2722 760 2758 t'oecundabat.ln
783 2722 921 2758 sudore

136 2777 265 2810 autem
298 2774 451 2807 notatur
486 2769 632 2810 servom
650 2769 689 2804 in
721 2770 916 2822 sanguine,

133 2819 326 2868 pretium,
348 2817 385 2854 in
404 2817 582 2861 decursu,
597 2816 855 2860 abundant1a;
878 2816 917 2852 in

980 269 1108 316 guttis,
1128 268 1368 316 particularis
1389 268 1570 313 efficacia,
1588 269 1763 317 quamvis

980 323 1075 353 esset
1095 316 1319 353 universalis
1343 315 1586 353 sufficientia.

1033 379 1068 400 ll
1105 365 1348 399 Docnuexruii
1382 374 1522 399 MORALE
1549 376 1593 399 Ex
1623 377 1759 401 sunone

980 422 1184 454 SANGUlle,
1225 422 1334 446 Λατὼ·
1374 421 1680 447 CONFORMATIONIS
1721 424 1762 447 ΕΤ

982 470 1191 495 ORAT10.—
1221 459 1269 493 Ex
1304 456 1373 492 isto
1409 457 1581 502 articulo,
1610 458 1673 503 qui
1707 462 1763 494 est

981 505 1129 542 sudoris
1163 503 1359 551 sanguinei
1393 503 1567 548 defluxio,
1603 506 1764 542 habetur

981 553 1249 588 documentum
1267 550 1515 593 salutiferum,
1530 552 1630 597 quod
1644 556 1681 588 et
1696 563 1764 589 nos

981 600 1020 635 in
1041 598 1212 635 oratione
1233 599 1416 635 debemus
1435 598 1488 634 ita
1515 609 1596 634 esse
1625 598 1764 636 intenti

983 650 1019 682 et
1034 645 1181 689 fervidi,
1205 650 1243 681 ut
1264 657 1306 681 ex
1327 645 1565 682 vehementia
1590 645 1766 682 intentio-

983 693 1055 736 nis,
1084 696 1121 729 et
1157 693 1301 729 fervore
1334 692 1558 733 devotionis.
1588 694 1765 730 sudemus

984 740 1088 785 quasi
1108 739 1329 786 sanguinem
1347 750 1413 786 per
1427 740 1763 786 configurationem

986 786 1178 823 Passionis
1214 786 1363 829 Christi,
1388 790 1423 822 et
1460 787 1636 824 ardorem
1669 788 1763 824 dile-

986 834 1118 870 ctionis
1140 834 1187 870 ad
1214 835 1346 869 Deum.
1366 834 1470 876 Quod
1494 834 1548 874 tit.
1570 835 1658 871 dum
1681 836 1766 881 quis

987 891 1100 917 orans
1122 881 1160 916 in
1181 884 1285 916 tanto
1315 883 1451 916 ardore
1473 881 1686 917 devotionis
1704 893 1765 918 ac-

987 927 1177 972 cenditur,
1213 928 1313 973 quod
1348 938 1416 973 pro
1453 939 1581 965 amore
1617 928 1702 974 Dei,
1736 928 1767 965 si

988 977 1149 1021 oportet,
1163 974 1385 1020 sanguinem
1398 985 1505 1010 suum
1520 975 1675 1012 fundere
1692 987 1767 1012 non

988 1025 1155 1065 veretur,
1179 1025 1216 1057 et
1234 1021 1318 1058 talis
1336 1021 1388 1057 sic
1406 1021 1600 1059 incalescit
1617 1022 1767 1069 spiritu,

988 1073 1028 1106 ut
1058 1073 1158 1105 totus
1195 1070 1346 1115 sanguis
1382 1067 1420 1104 in
1455 1079 1626 1115 corpore,
1661 1072 1769 1117 quasi

990 1116 1135 1163 spiritui
1147 1116 1321 1152 alludens·
1334 1126 1493 1161 pronum
1507 1120 1543 1153 et
1554 1121 1768 1164 promptum

990 1175 1029 1200 se
1067 1162 1241 1200 exhibeat
1268 1164 1314 1199 ad
1346 1163 1603 1200 exsudandum
1638 1176 1646 1200 :
1681 1165 1769 1211 quia

992 1222 1077 1247 vero
1100 1221 1187 1246 caro
1209 1221 1251 1246 ex
1270 1210 1492 1246 infirmitate
1511 1222 1580 1248 sua
1601 1215 1680 1248 tam
1706 1223 1768 1248 ve-

992 1260 1207 1294 hementem
1222 1258 1398 1293 ardorem
1416 1258 1624 1294 devotionis
1641 1259 1773 1296 suffer-

991 1316 1032 1341 re
1054 1316 1128 1341 non
1148 1305 1342 1351 praevalet,
1357 1304 1442 1341 ideo
1463 1306 1641 1342 sudorem
1662 1307 1770 1352 quasi

991 1352 1210 1399 sanguinem
1242 1355 1434 1398 evaporat,
1463 1354 1516 1389 vel
1547 1354 1679 1390 saltem
1700 1364 1768 1401 pro

992 1399 1175 1445 sanguine
1196 1400 1372 1435 ardentes
1394 1399 1579 1446 lacrymas
1595 1412 1662 1448 per
1679 1412 1768 1437 ocu-

992 1449 1047 1483 los
1068 1446 1238 1482 effundit.
1260 1448 1302 1482 Et
1323 1447 1504 1492 quoniam
1528 1459 1596 1484 nos
1622 1452 1697 1485 tam
1718 1447 1769 1484 vi-

992 1504 1170 1540 gorosam
1208 1493 1420 1530 orationem
1459 1495 1652 1532 effundere
1693 1507 1769 1532 non

990 1542 1173 1585 valemus,
1196 1541 1446 1587 adjungamus
1472 1544 1682 1578 orationem
1702 1554 1766 1579 no-

993 1594 1110 1625 stram
1131 1587 1293 1624 orationi
1316 1588 1469 1633 Christi,
1492 1588 1557 1635 qui
1578 1593 1634 1626 est
1653 1590 1766 1626 advo-

990 1640 1094 1672 catus
1117 1639 1245 1672 noster
1264 1636 1362 1682 apud
1380 1636 1544 1680 Patrem,
1557 1640 1594 1673 et
1613 1636 1692 1684 ipse
1714 1637 1769 1674 in-

988 1683 1163 1730 terpellat
1201 1694 1265 1727 pro
1280 1681 1402 1728 nobis,
1429 1683 1504 1719 imo
1535 1688 1617 1720 orat
1643 1684 1770 1721 nobis-

990 1741 1087 1766 cum.
1111 1732 1154 1766 Et
1174 1730 1237 1766 illa
1263 1731 1383 1766 oratio
1412 1734 1469 1767 est
1492 1731 1767 1776 efficacissima,

989 1781 1025 1814 et
1043 1780 1119 1814 Deo
1136 1777 1237 1813 Patri
1252 1781 1417 1824 accepta,
1440 1789 1523 1824 quae
1545 1779 1686 1815 scilicet
1700 1780 1769 1826 ipsi

990 1825 1027 1860 in
1058 1824 1194 1861 unione
1221 1824 1404 1861 orationis
1425 1825 1562 1862 Christi
1598 1827 1768 1864 offertur.

990 1874 1108 1916 Quam
1143 1872 1325 1908 efficaces·
1349 1873 1461 1908 etiam
1494 1872 1571 1909 sint
1594 1874 1769 1921 lacrymae

990 1919 1185 1963 orationis,
1207 1923 1244 1955 et
1267 1921 1426 1955 maxime
1446 1919 1534 1964 illae,
1556 1931 1639 1967 quae
1661 1923 1697 1957 in
1715 1932 1773 1958 re-

990 1967 1209 2003 cordatione
1233 1966 1426 2003 Passionis
1446 1967 1583 2004 Christi
1605 1968 1767 2005 fundun-

990 2018 1064 2059 tur,
1087 2018 1191 2060 patet
1216 2025 1258 2050 ex
1284 2015 1446 2060 quadam
1468 2015 1698 2052 revelatione
1716 2016 1768 2052 fa-

991 2066 1049 2097 cta
1071 2061 1220 2097 cuidam
1250 2072 1429 2107 personae,
1455 2063 1500 2098 de
1533 2073 1607 2109 qua
1633 2063 1770 2109 legitur

991 2109 1091 2154 quod
1110 2119 1295 2155 apparens
1315 2111 1348 2145 ei
1366 2109 1546 2146 Dominus
1562 2109 1602 2145 in
1621 2110 1768 2157 spiritu,

992 2156 1084 2192 dixit
1113 2172 1119 2192 :
1151 2156 1187 2192 Si
1210 2157 1292 2201 quis
1314 2157 1351 2192 in
1378 2157 1641 2194 recordatione
1676 2169 1770 2195 meae

994 2203 1185 2239 Passionis
1223 2204 1408 2250 lacrymas
1451 2214 1533 2240 cum
1570 2204 1769 2241 devotione

992 2250 1146 2295 fuderit,
1170 2250 1361 2297 suscipere
1385 2251 1467 2287 volo
1487 2262 1531 2287 ac
1554 2252 1583 2287 si
1603 2251 1683 2299 ipse
1703 2263 1769 2299 pro

995 2309 1052 2333 me
1071 2308 1206 2344 passus
1227 2297 1287 2333 sit.
1312 2318 1353 2324 —
1374 2300 1415 2334 In
1436 2298 1637 2335 recolendo
1655 2299 1769 2336 istum

993 2344 1207 2389 articulum,
1232 2345 1279 2381 ad
1302 2356 1342 2381 se
1365 2346 1510 2382 Christo
1531 2346 1768 2383 conforman-

993 2392 1098 2436 dum,
1121 2391 1292 2438 procidat
1313 2393 1425 2428 homo
1446 2392 1484 2428 in
1505 2392 1638 2430 faciem
1657 2405 1771 2440 super

991 2442 1145 2478 terram,
1166 2439 1307 2475 orando
1326 2439 1484 2482 intente,
1499 2443 1536 2476 et
1553 2442 1691 2487 cogitet
1705 2452 1771 2478 an-

992 2486 1151 2532 gelicam
1171 2487 1411 2532 praesentiam
1430 2486 1499 2524 sibi
1517 2490 1607 2524 tunc
1623 2489 1768 2533 adesse,

992 2532 1173 2578 recogitet
1196 2533 1309 2570 etiam
1330 2545 1490 2580 agonem
1511 2545 1633 2579 suum,
1654 2539 1692 2571 et
1709 2546 1768 2571 co-

991 2584 1102 2616 netur
1128 2587 1308 2626 quantum
1334 2585 1457 2627 potest
1486 2582 1625 2618 habere
1645 2582 1767 2629 lacry-

991 2638 1072 2663 mas
1103 2638 1145 2663 ex
1177 2628 1435 2674 compassione
1456 2632 1493 2665 et
1518 2639 1647 2665 amore
1666 2629 1769 2666 Chri-

990 2674 1049 2715 sti,
1073 2685 1164 2721 quas
1204 2674 1234 2710 si
1266 2675 1404 2712 habere
1435 2687 1510 2712 non
1545 2679 1668 2722 potest
1702 2687 1767 2722 pcr

990 2722 1130 2763 oculos,
1155 2722 1287 2758 fundat
1311 2723 1443 2759 saltem
1469 2723 1653 2770 lacrymas
1680 2734 1765 2760 cor-

989 2768 1058 2804 dis,
1078 2770 1122 2805 Et
1145 2768 1241 2805 sicut
1261 2771 1431 2807 Christus
1453 2769 1519 2807 Dei
1541 2769 1667 2815 Filius,
1687 2771 1766 2808 im-

989 2816 1154 2853 minente
1172 2816 1241 2854 sihi
1260 2817 1438 2854 Passione
1454 2817 1661 2863 horrenda,
1680 2828 1764 2855 cum
