1924 3157
169 184 208 217 94
598 178 732 213 sEcL'N
744 179 804 212 1)AE

173 252 274 297 quod
301 248 513 286 communis
538 251 594 283 est
617 247 844 294 purificatio.
868 263 885 281 η
906 270 951 275 -

175 299 360 340 Secundo,
384 301 423 331 nt
441 295 627 338 ostendat,
650 297 749 341 quod
773 296 949 341 quicum-

177 356 250 391 que
271 343 376 388 sequi
400 342 533 378 volunt
554 342 746 378 Passionis
772 345 947 387 fructum,

174 393 310 427 dehent
322 392 418 426 hunc
430 391 528 425 exire
540 389 868 429 mun<lum‚saltem
882 401 949 436 per

174 440 363 475 allectum.
397 436 492 480 Quia
524 447 613 482 ergo
647 436 813 473 Christus
844 442 948 472 eaecra

178 489 323 532 portum
338 494 472 530 passus
493 487 558 528 est,
574 493 775 529 sequamur
795 494 895 528 eum,
914 486 949 519 et

176 542 345 567 esceumus
357 532 406 566 acl
421 542 514 575 eum,
530 535 637 567 eoetra
655 534 776 567 castra
791 534 826 567 et
845 542 948 567 mun·

177 580 316 616 danam
332 580 669 622 conversationem,
688 580 948 625 improperium

174 629 293 672 ipsius
312 629 349 662 et
367 636 520 672 poenam
536 629 738 672 portantes.
765 626 869 661 Unde
895 625 948 660 ait

174 674 382 710 Bernardus
403 685 414 708 .·
437 686 455 707 «
483 674 650 709 Christus
671 677 775 709 extra
801 675 947 717 portam

175 731 306 768 passus
344 723 414 766 est,
467 720 513 756 ad
553 731 664 765 quem
708 719 948 765 egrediamur

175 769 376 805 mundante
396 766 701 807 conversationis⁴
718 769 949 812 contemptu,

174 817 272 862 quod
310 818 365 851 cst
407 814 537 861 egredi
564 815 609 850 dc
646 813 797 849 civitate
836 814 948 859 hujus

171 863 317 907 mundi,
340 866 376 898 et
394 862 463 897 hoc
483 861 739 897 tribusmodis
760 871 768 896 ε
794 861 947 904 affectu,

173 915 213 946 ut
234 909 416 946 mundum
436 919 512 944 non
544 908 769 953 diligamus;
796 907 946 951 effectu,

172 962 213 993 ut
233 968 318 993 eum
349 959 476 991 mente
515 958 551 991 et
586 965 746 1001 corpore
780 953 948 990 funditus

171 1004 414 1047 deseramus3
437 1002 621 1049 prosectu,
650 1005 691 1038 ut
711 1011 797 1038 cum
822 1001 949 1037 Domi-

173 1063 223 1088 no
240 1050 394 1098 spiritus
428 1059 523 1085 unus
560 1048 643 1084 fieri
668 1049 902 1085 anhelemus.
928 1060 944 1081 >>

172 1099 280 1143 Quia,
298 1101 337 1134 ut
359 1096 411 1133 ait
433 1097 632 1141 Greyorz'us
652 1109 662 1132 ι
682 1108 700 1129 ((
723 1098 843 1132 Tanto
862 1095 946 1141 quis

170 1148 245 1183 Deo
271 1148 327 1181 est
351 1144 563 1191 proximus,
592 1146 733 1190 quanto
745 1144 792 1179 ab
814 1153 945 1179 amore

171 1193 304 1230 mundi
326 1195 384 1228 est
410 1190 570 1227 alienus.
595 1204 614 1222 n

219 1254 235 1276 τι
254 1242 357 1276 Moxs
367 1240 556 1275 CALvAnLE
566 1249 606 1272 ET
621 1248 785 1273 ECCLESIA
796 1249 843 1272 1131
862 1248 946 1272 AEm-

172 1299 310 1324 F1CATA.
337 1305 382 1312 —-
410 1285 476 1321 llic
496 1285 618 1329 locus,
640 1296 706 1321 seu
725 1295 831 1319 mons
852 1284 943 1320 Cal-

169 1335 284 1371 variae
309 1337 475 1376 sanctus,
509 1342 685 1378 magnam
726 1331 825 1367 inter
860 1331 943 1366 loca

171 1384 301 1418 sancta
326 1380 472 1416 obtinet
497 1379 734 1424 dignitatem,
755 1380 792 1413 et
817 1378 943 1414 maxi-

169 1440 283 1472 mam,
307 1429 354 1464 ob
384 1426 606 1463 memoriam
627 1425 831 1461 Dominicae
853 1427 942 1461 Pas-

169 1476 287 1513 sionis
300 1476 416 1511 habet
429 1473 729 1519 compunctionis
740 1471 917 1508 virtutem
932 1483 940 1515 ;

170 1525 206 1560 in
236 1534 309 1570 quo
349 1522 530 1559 Dominus
566 1523 696 1556 noster
731 1529 870 1566 magna
907 1522 944 1554 et

171 1570 360 1618 stupenda
390 1567 538 1615 operari
557 1567 736 1613 dignatus
757 1573 828 1612 est,
853 1565 943 1612 qui-

170 1620 239 1656 bus
260 1618 307 1654 ad
330 1615 553 1653 memoriam
572 1614 752 1658 reductis,
774 1624 839 1650 cor
858 1624 944 1649 con-

168 1666 299 1703 tritum
331 1668 367 1701 et
397 1661 636 1699 humiliatum
664 1660 942 1707 compungitur,

168 1717 204 1750 et
224 1711 331 1760 quasi
352 1709 531 1747 torculari
551 1708 736 1755 passionis
767 1709 943 1753 lacryma)

169 1757 439 1806 compassionis
474 1756 747 1802 exprimuntur.
788 1757 839 1791 De
871 1755 944 1790 hoc

171 1818 261 1855 ergo
306 1809 434 1842 monte
468 1814 535 1840 seu
561 1803 658 1847 loco,
691 1806 728 1838 et
764 1802 823 1838 his
861 1812 943 1847 quse

168 1855 221 1892 ibi
241 1854 398 1897 fiebant,
420 1852 534 1887 debes
554 1860 654 1896 saepe
675 1852 710 1886 et
726 1849 885 1885 maxime
906 1848 945 1884 in

168 1899 441 1939 tentationibus
472 1896 687 1941 recordari3
726 1899 763 1933 et
793 1896 944 1943 quando

168 1949 237 1986 tibi
264 1947 469 1985 exstinctus
495 1948 551 1981 est
588 1944 687 1990 ignis
718 1943 943 1987 devotionis,

171 2007 288 2044 perge
315 1995 416 2040 illuc,
438 1996 475 2029 et
499 1992 633 2038 collige
659 1992 705 2027 de
724 1990 838 2038 lignis
858 2001 944 2026 cru-

172 2044 239 2088 cis,
267 2045 304 2079 et
329 2052 396 2089 per
424 2041 505 2076 haec
530 2040 655 2086 ignem
684 2037 946 2084 hujuscemodi

171 2091 308 2127 iterum
333 2088 547 2125 suscitabis.
571 2088 678 2122 Mons
703 2091 828 2122 autern
856 2085 947 2121 Cal-

172 2139 300 2182 variae,
320 2137 359 2172 in
372 2147 443 2182 quo
459 2133 661 2171 crucifixus
678 2137 735 2169 est
749 2133 944 2178 Dominus,

170 2195 288 2233 prope
308 2182 491 2230 quem‚ad
509 2180 783 2228 quinquaginta
800 2190 944 2232 passus,

173 2236 230 2270 est
253 2231 494 2278 sepulchrum
515 2230 609 2274 ejus,
630 2231 710 2264 erat
730 2231 835 2263 extra
861 2226 948 2262 civi-

174 2283 306 2324 tatem,
324 2278 371 2314 ad
390 2277 630 2323 Aquilonem.
649 2274 829 2311 Dominus
845 2275 947 2311 enim

171 2337 306 2374 passus
327 2328 363 2361 et
377 2324 545 2371 sepultus
567 2326 621 2359 est
647 2326 752 2359 extra
771 2325 944 2369 portam;

127 2370 129 2373 ’
174 2384 286 2420 quem
318 2376 486 2409 montem
525 2374 561 2406 et
588 2370 711 2406 locum
740 2369 947 2416 sepulturae

136 2420 139 2431 ²
174 2419 323 2457 Domini
357 2419 474 2456 AElius
504 2420 716 2464 Imperator
752 2416 946 2453 Adrianus

174 2467 328 2504 inclusit
360 2466 460 2502 intra
482 2466 629 2508 urbem,
657 2463 843 2510 amplians
863 2474 947 2500 eam

175 2526 306 2552 versus
328 2513 552 2559 Aquilonem
576 2515 613 2547 et
634 2522 656 2547 a
678 2511 799 2557 capite
828 2521 947 2557 usque

174 2563 221 2599 ad
244 2561 358 2608 pedes
384 2571 491 2595 muro
511 2558 666 2603 cingens
696 2558 882 2594 eamdem.
905 2559 945 2593 ln

173 2620 248 2656 quo
274 2610 355 2644 loco
388 2609 519 2653 postea
541 2605 739 2642 Christiani
771 2605 947 2641 ecclesias

177 2667 283 2697 euaS,
305 2656 372 2691 sub
389 2664 466 2689 uno
485 2657 612 2688 tamen
634 2656 746 2696 tecto,
766 2656 947 2688 constru-

174 2706 333 2747 xerunt,
356 2704 597 2746 montemque
620 2699 798 2735 Calvariae
825 2702 862 2734 et
890 2699 947 2734 lo-

175 2761 259 2788 cum
290 2749 561 2796 sepulturae,et
594 2747 710 2782 multa
733 2756 840 2782 sacra
865 2745 948 2782 loca

178 2799 278 2838 intra
292 2808 356 2835 eas
372 2795 647 2834 concluserunt.
664 2794 693 2830 A
707 2797 833 2830 monte
847 2794 946 2830 enim

878 179 1033 213 PARTIS

1073 180 1208 213 CAPUT
1250 178 1361 213 LXIII

1024 248 1202 286 Calvariae
1228 259 1359 284 versus
1381 248 1621 285 Occidentem
1641 249 1796 287 descen-

1023 297 1159 339 dendo,
1190 296 1237 332 ad
1259 296 1351 331 duas
1370 307 1510 332 cannas
1531 300 1587 333 est
1609 298 1797 342 Golgotha

1023 343 1100 379 sive
1121 342 1303 386 Calvaria,
1326 343 1388 379 ubi
1410 346 1466 379 cst
1489 344 1646 380 ecclesia
1666 344 1797 380 oblon-

1022 401 1082 435 ga,
1105 390 1143 425 in
1164 401 1238 435 qua
1262 393 1418 436 apparet
1435 389 1539 436 rupis
1557 391 1633 435 illa,
1660 391 1696 426 in
1722 402 1797 437 qua

1023 448 1111 472 crux
1133 441 1277 480 sancta,
1296 447 1381 472 cum
1397 441 1568 483 portaret
1582 439 1796 483 Dominum,

1023 489 1103 520 erat
1123 484 1210 528 fixa,
1231 486 1384 530 patente
1408 484 1530 520 adhuc
1551 484 1736 521 foramine
1755 484 1796 521 in

1022 541 1113 577 rupe
1134 530 1234 577 ipsa;
1256 530 1318 577 qui
1336 531 1441 566 locus
1456 530 1576 567 crucis
1594 530 1797 568 Dominicae

1023 578 1137 614 distat
1153 578 1271 614 tribus
1289 577 1435 622 cannis,
1452 578 1509 614 vel
1529 577 1641 623 circa,
1658 578 1799 615 scilicet

1022 625 1185 661 sedecim
1207 624 1387 671 gradibus
1408 635 1430 661 a
1449 624 1646 671 superficie
1672 627 1798 671 terrae,

1020 673 1092 709 hoc
1129 677 1187 709 est
1221 684 1242 709 a
1274 672 1487 718 pavimento
1514 671 1694 708 ecclesiae.
1732 673 1797 709 Est

1022 719 1135 756 etiam
1168 719 1219 756 ibi
1255 719 1330 755 alia
1358 719 1514 765 grandis
1548 718 1710 756 scissura
1728 729 1797 766 per

1021 769 1139 803 totam
1164 769 1418 813 petram,quae
1440 766 1698 803 testimonium
1713 777 1796 813 per-

1022 813 1126 850 hibet
1141 824 1208 860 per
1223 824 1328 849 suam
1341 813 1558 858 scissuram,
1572 813 1794 860 sanguinem

1022 861 1077 897 sui
1098 860 1349 897 Fabricatoris
1376 872 1416 896 se
1438 861 1625 896 sustinere
1653 871 1794 907 nequa-

1023 918 1134 952 quam
1167 908 1361 953 potuisse·,
1390 907 1472 953 ipsa
1498 918 1586 944 vero
1607 911 1716 953 petra
1741 907 1795 943 al-

1022 954 1096 991 tior
1122 959 1180 990 est
1218 965 1331 1001 quam
1369 956 1642 1001 pavimentum,
1679 965 1796 1001 usque

1021 1003 1067 1037 ad
1086 1012 1210 1047 genua
1224 1002 1561 1038 circumstantium.
1582 1001 1725 1038 Deinde
1745 1001 1795 1038 ad

1022 1048 1297 1095 quinquaginta
1329 1059 1474 1094 passus,
1497 1049 1555 1085 vel
1590 1048 1703 1093 circa,
1740 1051 1796 1085 est

1020 1097 1265 1142 sepulchrum
1284 1095 1447 1140 Domini,
1473 1096 1536 1132 ubi
1556 1098 1614 1132 est
1634 1095 1795 1132 ecclesia

1021 1143 1146 1179 Sancti
1171 1143 1379 1189 Sepulchri,
1403 1153 1467 1179 seu
1491 1142 1794 1179 Resurrectionis

1019 1190 1226 1226 Dominicae
1246 1191 1431 1234 rotunda;
1452 1190 1518 1226 sed
1540 1191 1677 1226 chorus
1702 1200 1792 1236 pro-

1017 1237 1185 1273 tenditur
1208 1237 1246 1272 in
1282 1238 1435 1283 longum
1456 1248 1539 1273 cum
1562 1236 1792 1282 sanctuario,

1017 1284 1055 1320 in
1082 1295 1155 1331 quo
1189 1286 1246 1321 est
1271 1295 1459 1320 summum
1492 1285 1624 1325 altare,
1654 1287 1691 1320 et
1716 1294 1796 1320 sus-

1016 1335 1185 1368 tentatur
1223 1331 1423 1367 duodecim
1457 1332 1640 1367 columnis
1680 1342 1689 1367 t
1728 1331 1794 1367 sed

1018 1383 1177 1425 utraque
1198 1378 1372 1419 ecclesia,
1397 1378 1540 1414 scilicet
1564 1380 1632 1414 ista
1652 1381 1688 1414 et
1709 1378 1794 1414 Gol-

1018 1427 1146 1472 gotha,
1170 1437 1244 1461 uno
1267 1428 1364 1461 tecto
1380 1429 1436 1462 est
1447 1429 1558 1461 tecta.
1575 1426 1681 1462 Unde
1702 1424 1792 1471 qui—

1018 1474 1104 1509 dam
1123 1475 1221 1509 hanc
1241 1472 1392 1508 etillam
1413 1483 1527 1508 unam
1545 1472 1675 1508 dicunt
1693 1483 1790 1517 csse,

1822 583 1859 608 Υ(
1871 602 1876 604 ,

1819 762 1825 781 P

1816 782 1823 829 1

1018 1520 1258 1556 nominantes
1279 1530 1362 1555 eam
1380 1519 1577 1556 ecclesiam
1590 1518 1715 1556 Sancti
1731 1521 1792 1556 Se·
1816 1554 1819 1558 Δ

1017 1567 1178 1613 pulchri,
1192 1578 1258 1603 seu
1268 1566 1790 1603 ResurrectionisDominicae.
1816 1571 1817 1574 ’

1018 1616 1136 1651 Locus
1170 1617 1296 1650 autem
1330 1613 1450 1650 crucis
1486 1613 1621 1651 Christi
1651 1614 1792 1661 praedi-
1825 1645 1827 1651 Α

1020 1666 1097 1698 ctus
1111 1662 1197 1698 talis
1212 1665 1282 1706 est,
1299 1663 1338 1697 ut
1355 1661 1497 1707 positus
1516 1661 1555 1697 in
1574 1661 1697 1697 medio
1715 1664 1791 1697 ter·
1824 1670 1825 1673 ’

1017 1720 1069 1745 rae
1094 1709 1140 1745 ad
1160 1709 1428 1755 capessendem
1450 1707 1516 1744 Dei
1537 1708 1792 1754 cognitionem
1812 1748 1813 1752 ,

1019 1756 1194 1792 omnibus
1203 1756 1382 1792 Gentibus
1394 1758 1493 1792 esset
1504 1755 1660 1801 aequalis
1671 1767 1679 1800 ;
1692 1756 1793 1792 unde

1019 1814 1133 1850 super
1152 1804 1254 1839 hunc
1273 1803 1395 1839 locum
1416 1802 1595 1849 scriptum
1614 1806 1671 1839 est
1693 1803 1793 1839 Grae-
1812 1833 1814 1848 2

1020 1861 1061 1886 ce
1082 1862 1089 1886 z
1109 1850 1175 1886 Hic
1196 1851 1293 1886 Deus
1314 1853 1441 1886 noster
1458 1853 1544 1886 ante
1557 1850 1684 1886 secula
1702 1860 1792 1897 ope·
1812 1855 1814 1897 ξ

1019 1901 1123 1934 ratus
1157 1900 1213 1933 est
1245 1898 1403 1933 salutem
1443 1896 1483 1933 in
1514 1897 1638 1933 medio
1663 1899 1813 1934 terrae..

1019 1945 1186 1981 Tradunt
1206 1948 1331 1980 autern
1350 1944 1486 1989 Judaei,
1500 1947 1540 1980 ut
1552 1946 1792 1990 Hieronymus
1815 1962 1821 1976 .=

1020 1992 1087 2036 ait,
1108 1992 1209 2038 quod
1232 1991 1271 2027 in
1291 1992 1361 2027 hoc
1382 1991 1463 2027 loco
1484 1988 1626 2027 rffontis
1652 1993 1791 2028 immo·

1019 2040 1116 2075 latus
1134 2042 1190 2075 est
1209 2038 1305 2074 aries
1323 2049 1391 2085 pro
1411 2040 1528 2075 Isaac.
1547 2039 1792 2084 UndeAuqu-

1020 2089 1139 2122 atinus
1161 2099 1171 2122 :
1197 2100 1215 2119 ‹<
1231 2086 1480 2132 Hieronymus
1493 2086 1691 2133 presbyter
1704 2085 1793 2122 scri-

1019 2134 1093 2180 psit
1112 2134 1159 2170 ab
1177 2133 1340 2179 antiquis
1361 2136 1399 2169 et
1417 2132 1629 2170 senioribus
1649 2133 1792 2170 Judaeis

1021 2192 1061 2217 se
1093 2181 1301 2217 certissime
1340 2180 1573 2226 cognovisse,
1606 2181 1708 2226 quod
1739 2180 1791 2217 ibi

1020 2228 1236 2264 immolatus
1258 2227 1306 2264 sit
1324 2229 1443 2273 Isaac,
1465 2227 1529 2264 ubi
1542 2233 1671 2273 postea
1688 2227 1791 2264 Chri-

1022 2279 1099 2312 stus
1119 2274 1315 2311 crucifixus
1332 2278 1401 2311 est.
1417 2288 1435 2308 »
1457 2275 1531 2311 Sub
1549 2274 1714 2311 istoloco
1733 2279 1790 2312 est

1021 2323 1126 2359 locus
1145 2321 1309 2358 carceris
1329 2321 1480 2366 Christi,
1499 2321 1563 2358 ubi
1580 2322 1683 2358 stetit
1702 2321 1792 2368 liga-

1022 2374 1093 2414 tus,
1126 2369 1277 2416 quando
1312 2369 1598 2415 praeparabatur
1617 2379 1720 2413 crux,
1754 2369 1793 2405 in

1023 2428 1097 2464 qua
1115 2417 1275 2453 debebat
1298 2416 1415 2462 affigi.
1436 2418 1481 2452 Et
1500 2419 1590 2452 nota
1609 2416 1710 2463 quod
1730 2417 1792 2453 Je-

1022 2464 1185 2500 rusalem
1210 2464 1340 2499 civitas
1372 2463 1439 2500 Dei
1459 2463 1609 2507 summi,
1636 2463 1792 2500 domina

1023 2510 1226 2556 mundi,de
1247 2521 1322 2557 qua
1341 2510 1441 2547 dicta
1459 2514 1545 2546 sunt
1562 2513 1598 2546 et
1616 2510 1794 2546 dicuntur

1023 2558 1197 2604 gloriosa,
1237 2559 1309 2594 sita
1355 2561 1410 2594 est
1444 2557 1482 2593 in
1516 2557 1647 2593 declivi
1675 2557 1793 2594 latere

1024 2605 1165 2641 montis
1185 2605 1384 2651 dupliciter
1406 2616 1414 2640 :
1437 2607 1474 2640 et
1501 2605 1548 2640 ab
1579 2606 1714 2640 Austro
1735 2605 1793 2640 vi-

1025 2652 1174 2697 delicet,
1198 2655 1235 2687 et
1265 2653 1312 2688 ab
1343 2651 1556 2688 Occidente.
1578 2651 1633 2687 Ab
1655 2652 1792 2687 Austro

1024 2699 1176 2745 quidem
1194 2699 1266 2735 sita
1281 2699 1386 2735 estin
1404 2699 1522 2735 latere
1536 2697 1675 2734 montis
1689 2699 1793 2744 Sion,

1023 2749 1060 2782 et
1080 2745 1169 2782 inde
1189 2746 1383 2783 descendit
1395 2744 1589 2790 longitudo
1601 2745 1681 2792 eJ'us
1701 2756 1791 2782 con·

1024 2797 1082 2831 tra
1098 2793 1320 2842 Aquilonem
1338 2804 1347 2841 ;
1369 2795 1407 2831 et
1438 2794 1486 2831 ab
1505 2790 1705 2831 Occidente
1724 2793 1792 2832 ha-
