1924 3157
201 164 257 199 146

197 231 351 273 conditi,
367 231 496 268 lancea
511 227 662 265 militari
676 227 883 279 perfossum
899 228 969 278 est,

198 284 239 318 ut
257 282 385 326 pectus
402 281 508 313 tuum
529 286 552 312 a
576 274 700 322 pravis
724 276 971 324 cogitationi·-

197 328 266 364 bus
291 324 549 367 mundaretur,
578 321 799 358 mundatum
834 323 970 356 sancti-

198 374 386 410 ficaretur.
407 376 443 407 et
460 371 513 406 sic
529 368 802 405 sanctificatum
819 376 972 403 conser-

201 424 364 456 varetur.
379 417 497 454 Pedes
512 415 581 461 illi,
594 425 753 462 quorum
767 414 974 451 scabellum

201 467 360 504 adorare
382 465 580 507 debemus,
602 464 782 509 quoniam
803 464 977 497 sanctum
1016 476 1018 502 2

1018 546 1019 551 Ἰ
1056 519 1169 542 siox1s
1192 518 1363 542 MEMORIA.
1388 525 1433 532 —-
1461 505 1594 542 Omnia
1617 516 1720 551 ergo,
1741 515 1828 550 quae

204 517 275 558 est,
295 513 393 549 dura
411 510 657 548 transfixione
680 509 846 546 transfixi
875 510 978 549 sunt,

207 571 253 597 ne
271 559 386 607 pedes
419 560 475 596 tui
507 556 726 595 festinarent
749 556 796 592 ad
826 554 978 596 malum,

205 607 271 645 sed
291 611 487 643 currerent
505 605 603 642 viam
626 604 887 640 mandatorum
906 601 980 636 Do-

207 654 311 692 mini.
331 652 428 698 Quid
454 653 586 699 plura‘?
606 652 679 688 Pro
712 654 749 687 te
769 658 919 701 carnem
946 650 982 682 et

206 700 371 739 animam
388 699 525 748 posuit,
538 703 580 735 ut
598 709 733 744 corpus
753 700 789 733 et
807 697 981 742 spiritum

205 747 277 786 sibi
312 747 541 784 vendicaret.
566 747 699 782 Totum
740 747 832 786 toto,
870 753 909 795 se
945 744 980 776 te

205 797 447 840 comparavit.
462 794 553 831 Huic
569 792 682 839 igitur
697 800 847 827 omnem
868 798 981 842 vitam

206 848 323 888 tuam,
339 853 360 878 o
379 844 504 884 homo,
522 841 650 883 debes,
673 838 849 885 quoniam
866 840 980 889 vitam

205 901 311 927 suam
346 900 412 934 pro
445 892 512 924 tua
537 888 684 932 posuit3
718 888 755 921 et
795 886 982 919 cruciatus

205 947 354 976 amaros
372 935 562 978 sustinuit,
580 944 625 969 ne
646 936 686 968 tu
703 934 883 979 perpetuo
906 940 983 965 sus-

205 986 355 1021 tineres,
377 982 442 1019 Cui
461 992 550 1018 vero
565 980 705 1026 Justius
725 978 846 1014 vivam
869 986 982 1023 quam
1020 997 1021 1000 =

204 1030 273 1072 illi,
295 1031 356 1076 qui
389 1029 420 1065 si
447 1039 521 1066 non
549 1030 774 1068 moreretur,
803 1035 872 1070 ego
911 1034 984 1059 non
1022 1062 1023 1068 ἵ

205 1076 401 1115 viverem?
427 1090 446 1109 »
482 1076 561 1112 haec
582 1073 802 1111 Bernartius.
824 1071 878 1108 Ad
913 1071 984 1107 hoc
1021 1073 1023 1114 ζ

206 1125 319 1163 etiam
338 1123 566 1166 faciendum,
580 1127 618 1158 et
639 1121 806 1158 debitum
826 1118 983 1156 Domino
1022 1116 1024 1129 '

207 1172 506 1220 rependendum,
528 1170 629 1206 idem
647 1168 856 1204 Bernartius
877 1165 984 1219 quasi

209 1220 396 1258 mouendo
410 1217 463 1254 sic
481 1216 591 1253 dicit:
613 1231 626 1249 «
649 1216 677 1252 O
694 1217 820 1258 homo,
839 1224 985 1266 respice

210 1266 317 1304 oculo
340 1264 505 1304 mentali,
536 1266 674 1310 quanto
701 1265 986 1313 remuneratio—

209 1315 268 1352 nis
281 1314 407 1349 debito
420 1311 642 1357 astringaris
663 1309 820 1346 Domino
843 1314 985 1360 patien-

210 1361 250 1398 ti.
275 1360 412 1398 Recole
435 1359 610 1395 sudorem
638 1356 902 1402 sanguineum.
925 1360 987 1390 tri-

209 1409 313 1456 ginta
346 1409 572 1452 argenteos,
605 1403 768 1440 fictionis
802 1403 986 1446 osculum,

209 1457 404 1501 alaparum
434 1451 720 1495 contumeliam,
751 1450 987 1497 flagellorum

210 1500 446 1545 instantiam,
466 1499 561 1536 ictus
579 1497 789 1542 arundinis,
807 1506 987 1533 coronam

211 1549 395 1598 spineam.
434 1546 534 1594 sputi
570 1545 746 1589 ludibria,
769 1543 890 1581 crucis
923 1554 986 1579 an-

210 1596 369 1645 gariam,
390 1593 547 1642 patibuli
580 1592 837 1639 suspendium.
861 1591 987 1627 oculos

210 1646 444 1690 languentes.
468 1642 545 1678 oris
574 1640 772 1687 pallorem,
793 1638 909 1675 fellita
935 1639 986 1674 ci-

211 1692 331 1735 baria,
356 1699 486 1727 amara
510 1687 658 1735 pocula,
680 1686 846 1734 spongiae
870 1686 988 1722 obse-

211 1739 354 1786 quium,
381 1741 492 1779 caput
518 1735 753 1778 inclinatum,
775 1736 874 1770 latus
892 1743 987 1779 per-

211 1786 388 1825 foratum,
398 1783 507 1820 ulnas
524 1785 708 1826 extensas,
722 1791 855 1817 manus
868 1785 988 1816 trans-

212 1833 318 1876 fixas,
342 1832 454 1876 pedes
475 1830 679 1873 confossos,
699 1838 829 1864 vocem
850 1827 989 1864 lamen-

214 1879 380 1920 tabilem,
393 1878 557 1914 latrones
577 1875 808 1916 altrinsecus.
825 1874 990 1922 garrula-

215 1926 333 1965 tiones
366 1924 569 1969 irrisorias,
605 1923 757 1960 titulum
792 1922 990 1966 famosum,

215 1974 429 2012 vestimenti
461 1974 615 2015 sortem,
643 1969 874 2017 geminatum
901 1970 990 2006 Cru-

215 2023 331 2068 cifiye.
354 2019 448 2063 Quid
467 2018 606 2066 plura?
623 2017 843 2053 vilissimum
863 2016 993 2052 mortis

216 2067 454 2115 supplicium,
469 2071 506 2102 et
524 2067 664 2112 probra
677 2063 989 2101 nefandissima.»

216 2116 411 2153 Etiterum
431 2125 440 2150 2
463 2126 482 2148 «
506 2112 613 2157 Vide,
629 2113 758 2157 homo,
777 2123 849 2158 quo
865 2122 993 2148 amore

217 2167 254 2200 te
273 2161 403 2199 dilexit
421 2160 600 2197 Dominus
623 2161 717 2196 Deus
747 2162 848 2204 tuus,
872 2162 910 2194 ut
931 2169 992 2194 ve-

216 2209 327 2257 stigia
346 2209 463 2254 ipsius
490 2206 672 2254 sequaris.
698 2208 768 2243 Pro
791 2211 826 2243 te
854 2206 992 2249 ligatus

216 2262 286 2300 est,
306 2261 348 2294 ut
371 2260 404 2292 te
423 2254 582 2292 vinculis
603 2258 843 2301 peccatorum
867 2253 990 2290 absol-

216 2310 333 2341 veret.
359 2304 430 2340 Pro
449 2308 486 2339 te
505 2302 717 2349 flagellatus
745 2304 814 2345 est,
845 2303 884 2337 ut
912 2303 948 2337 te
969 2311 992 2337 a

217 2351 375 2394 flagellis
398 2353 550 2387 aeternae
579 2349 646 2386 irae
666 2351 828 2386 erueret.
859 2349 930 2384 Pro
956 2351 993 2384 te

211 2398 400 2446 judicatus
419 2400 485 2439 est,
513 2400 552 2433 ut
571 2402 606 2433 te
624 2407 647 2434 a
671 2395 814 2443 judicio
842 2398 992 2432 aeternae

214 2444 478 2483 damnationes
499 2444 691 2481 liberaret.
716 2444 787 2479 Pro
814 2445 851 2479 te
883 2453 991 2478 coro-

214 2498 325 2530 natus
359 2494 417 2528 est
436 2490 568 2538 spinis,
590 2497 632 2528 ut
659 2495 695 2527 te
729 2490 930 2526 coronaret
951 2488 991 2525 in

215 2539 332 2577 eoelis.
350 2540 421 2575 Pro
442 2544 477 2574 te
498 2539 718 2575 vulneratus
737 2543 795 2574 est
810 2537 989 2579 medicus,

213 2591 256 2624 ut
266 2593 305 2624 tu
324 2586 515 2622 sanareris
536 2589 712 2632 aegrotus.
734 2587 803 2620 Pro
816 2588 853 2620 te
874 2583 993 2620 cruci-

215 2634 324 2675 fixus,
350 2637 391 2669 ut
412 2636 494 2669 tuas
520 2632 843 2678 concupiscentias
864 2630 992 2667 cruci-

218 2681 366 2728 figeret.
400 2681 470 2716 Pro
500 2683 537 2715 te
564 2684 733 2716 mortuus
752 2683 820 2723 est,
847 2684 885 2715 nt
911 2682 946 2714 te
973 2689 995 2714 a

219 2727 376 2766 mortuis
410 2725 621 2764 suscitaret.
662 2728 733 2762 Pro
760 2729 796 2763 te
829 2726 994 2772 sepultus

219 2781 291 2835 est,
312 2779 354 2812 ut
378 2774 417 2812 in
449 2778 487 2811 te
508 2773 599 2810 vitia
619 2773 795 2819 sepeliret
820 2785 828 2809 z
863 2787 882 2805 »ι
915 2773 994 2809 haec

1022 1146 1024 1167 l

1022 1190 1024 1210 1

1022 1238 1026 1331 ἰ

1024 1350 1026 1364 ι

1024 1369 1026 1387 Ι

1024 1390 1026 1403 r

663 157 870 192 SECUNDAE
910 153 1070 189 PARTIS
1109 153 1245 186 CAPUT
1285 153 1371 186 Lxx·

1010 224 1012 250 ἶ
1047 225 1267 263 Rerum-dus.
1283 224 1396 259 Multa
1408 222 1521 270 igitur
1538 234 1604 269 pro
1619 223 1729 260 nobis
1744 235 1821 260 sus·

1011 269 1014 311 ἰ
1047 272 1158 308 tinnit
1177 271 1355 307 Dominus
1370 272 1493 314 Jesus,
1511 271 1577 307 sed
1595 282 1660 307 nos
1679 269 1821 314 miseri,

1014 357 1015 365 ἵ
1050 320 1097 356 ad
1121 317 1376 354 confusionem
1396 321 1576 354 nostram.
1596 317 1730 364 saepius
1749 328 1824 354 uno

1052 376 1226 402 sermone
1269 363 1482 411 fatigamur,
1519 376 1671 410 unoque
1712 365 1827 401 verbo

1053 412 1262 459 dejicimur.

1101 475 1119 506 7
1144 461 1296 495 Mummi
1316 470 1428 494 VALET
1455 469 1593 494 CONTRA
1619 470 1704 495 mim
1725 459 1826 495 PAs-

1057 554 1236 590 Dominus
1256 555 1364 589 Jesas
1393 563 1534 598 passus,
1560 556 1597 588 et
1621 563 1705 598 quae
1730 552 1830 589 circa

1057 601 1178 646 ipsum
1201 604 1305 644 gesta
1328 605 1429 643 sunt,
1447 604 1572 636 mente
1594 600 1759 644 revolve,
1784 610 1826 635 ac

1056 648 1256 694 diligenter
1275 650 1490 693 pertracta;
1513 649 1550 682 et
1573 657 1617 682 ex
1636 645 1696 682 his
1717 650 1753 683 te
1777 645 1826 683 ad

1057 694 1275 740 patientiam
1296 697 1333 729 in
1348 694 1525 730 omnibus
1545 692 1727 739 adversis,
1741 704 1826 740 quae

1055 742 1207 789 pateris,
1227 741 1377 786 accinge
1396 740 1553 777 viriliter
1568 744 1604 777 et
1621 751 1740 777 arma.
1758 741 1829 777 Un-

1055 790 1100 826 de
1119 789 1170 825 ait
1191 790 1479 834 ‹'h1›ysostomus:
1498 802 1515 821 «
1531 790 1726 824 Armemus
1744 798 1830 824 nos-

1057 836 1234 881 metipsos
1262 837 1441 872 adversus
1475 846 1624 872 omnem
1645 835 1825 880 furorem,

1056 884 1236 920 adversus
1257 893 1408 919 omnem
1432 882 1547 926 iram3
1571 887 1608 918 et
1632 882 1662 918 si
1682 881 1830 919 inflam-

1057 935 1198 967 matum
1226 930 1363 966 videris
1397 940 1461 965 cor
1487 933 1608 973 tuum,
1628 928 1735 970 siena
1765 940 1828 977 pe·

1058 983 1151 1022 clus,
1171 977 1321 1024 impone
1340 987 1501 1013 crucem.
1525 975 1758 1013 Convitiatus
1774 980 1832 1013 est

1058 1024 1125 1061 tilii
1155 1025 1305 1071 aliquis,
1326 1025 1526 1060 recordare
1559 1023 1726 1060 omnium
1749 1034 1832 1070 quae

1059 1073 1097 1109 in
1118 1072 1264 1109 Christo
1287 1075 1391 1118 gesta
1426 1074 1534 1114 sunt;
1558 1074 1593 1106 et
1614 1072 1742 1107 omn'a
1764 1082 1835 1108 ex—

1060 1120 1311 1165 stinguentur.
1334 1133 1351 1152 »
1385 1119 1463 1154 Non
1498 1117 1621 1154 solum
1661 1118 1833 1165 legamus

1060 1168 1139 1203 hzec.
1160 1167 1300 1211 omnia,
1317 1166 1383 1202 sed
1401 1169 1437 1202 et
1452 1169 1576 1202 mente
1594 1166 1757 1202 feramus
1773 1177 1834 1203 ea.

1061 1213 1295 1252 Sufficientia
1315 1213 1415 1249 enim
1434 1218 1521 1248 sunt
1542 1214 1636 1257 haec,
1651 1212 1831 1251 continue

1060 1262 1245 1305 revoluta,
1267 1260 1483 1296 universnm
1503 1260 1599 1296 iram
1619 1261 1829 1298 destruere.

1061 1310 1117 1351 Et,
1139 1308 1168 1344 si
1193 1307 1475 1351 contumeliam,
1500 1310 1537 1343 et
1557 1308 1588 1344 si
1609 1307 1834 1351 injustitiam

1061 1357 1262 1402 patiamur,
1276 1355 1445 1391 dicamus
1461 1355 1638 1392 continuo
1657 1356 1739 1392 haec
1757 1366 1837 1391 ver-

1024 1405 1026 1432 ?
1061 1404 1110 1439 ba
1130 1404 1265 1440 Christi
1289 1414 1297 1438 :
1320 1405 1399 1439 Non
1419 1406 1470 1438 est
1489 1413 1613 1438 servus
1634 1403 1753 1449 maJ'or
1771 1404 1838 1439 Do-

1062 1452 1160 1486 mino
1177 1461 1254 1486 suo.
1273 1450 1478 1495 Propterea
1492 1451 1592 1485 enim
1611 1450 1693 1486 haec
1707 1449 1836 1487 omnia

1063 1496 1252 1540 sustinuit,
1275 1500 1317 1533 ut
1336 1496 1540 1533 secundum
1561 1497 1641 1544 ejus
1663 1498 1844 1534 semitam.

1063 1543 1282 1592 gradiamur
1299 1555 1307 1588 3
1329 1547 1365 1580 et
1382 1555 1451 1580 nos
1469 1544 1714 1581 contumelias
1732 1545 1836 1581 sera-

1064 1603 1160 1633 mus,
1186 1593 1276 1638 quia
1298 1593 1458 1628 maxime
1480 1591 1641 1629 convitia
1663 1603 1687 1628 a
1711 1594 1838 1628 mente

1063 1638 1255 1685 abjiciunt.
1280 1639 1352 1675 Sed
1370 1643 1497 1675 tamen
1512 1639 1593 1685 ipse
1618 1650 1696 1676 non
1715 1639 1837 1676 solum

1063 1687 1149 1722 tulit
1168 1687 1261 1730 haec,
1283 1686 1349 1722 sed
1367 1685 1493 1722 omnia
1513 1685 1603 1732 egit,
1620 1690 1660 1723 ut
1678 1686 1840 1723 salvaret

1064 1744 1128 1770 eos
1145 1733 1206 1780 qui
1223 1734 1302 1769 haec
1317 1733 1517 1770 faciebant.
1539 1735 1625 1770 Haec
1643 1736 1681 1770 et
1700 1745 1768 1771 nos
1785 1744 1841 1770 ze-

1065 1781 1197 1817 lemur.
1211 1780 1315 1817 Unde
1326 1780 1425 1816 idem
1442 1782 1735 1826 chrysostomus:
1753 1794 1771 1814 «
1783 1779 1841 1817 Ni-

1065 1827 1117 1864 hil
1137 1827 1235 1863 enim
1253 1828 1371 1864 Deum
1390 1829 1441 1864 ita
1460 1827 1663 1874 propitium
1682 1828 1785 1873 facit,
1801 1829 1841 1864 ut

1065 1873 1238 1911 inimicos
1251 1885 1393 1919 amare,
1404 1880 1440 1911 et
1452 1874 1508 1910 his
1519 1875 1581 1920 qui
1595 1875 1766 1912 officiunt
1780 1876 1842 1912 be-

1066 1923 1249 1959 nefacere.
1268 1923 1358 1958 Cum
1374 1923 1457 1968 quis
1478 1923 1609 1967 officit,
1622 1934 1698 1959 non
1718 1922 1838 1968 respi-

1066 1970 1142 2006 cias
1156 1971 1201 2005 a›l
1220 1970 1356 2015 ipsum,
1373 1970 1435 2005 sed
1451 1969 1497 2005 ad
1514 1981 1599 2006 eum
1616 1971 1679 2015 qui
1699 1972 1837 2015 movet,

1068 2016 1209 2053 scilicet
1235 2017 1282 2052 ad
1308 2017 1540 2062 daemonem,
1567 2020 1605 2054 et
1628 2017 1724 2054 iram
1751 2016 1843 2054 uni-

1067 2074 1213 2100 versam
1229 2063 1409 2100 adversus
1421 2064 1549 2101 illume
1564 2075 1703 2108 vacua3
1723 2063 1840 2112 ipsius

1068 2115 1193 2148 autem
1214 2114 1250 2147 et
1279 2111 1474 2156 miserere,
1491 2111 1555 2158 qui
1586 2113 1633 2149 ab
1664 2112 1727 2148 illo
1754 2122 1837 2148 mo-

1069 2164 1185 2195 vetur.
1207 2158 1298 2195 Cum
1328 2158 1572 2205 injuriantem
1600 2159 1753 2204 videris,
1775 2170 1836 2195 ex-

1068 2206 1192 2252 cogita
1209 2205 1388 2251 quoniam
1407 2205 1581 2243 diabolus
1601 2211 1658 2243 est
1676 2207 1741 2253 qui
1763 2217 1838 2243 mo-

1068 2259 1130 2289 vet
1155 2263 1268 2297 eum;
1304 2264 1377 2289 nou
1401 2253 1502 2289 enim
1541 2253 1841 2291 Christianorum

1070 2306 1155 2337 sunt
1175 2299 1336 2346 injuriae.
1358 2301 1448 2337 Cum
1475 2300 1588 2347 igitur
1615 2301 1699 2348 quis
1730 2300 1838 2347 inju-

1069 2348 1186 2384 riatus
1212 2347 1337 2390 fuerit,
1360 2351 1548 2384 memento
1580 2348 1633 2385 tui
1667 2348 1842 2384 Domina-

1068 2395 1176 2439 toris,
1198 2394 1375 2441 quoniam
1403 2398 1525 2440 et'per
1549 2396 1681 2440 verba,
1700 2399 1738 2432 et
1770 2404 1840 2441 per

1069 2453 1130 2478 res
1153 2443 1186 2479 ei
1209 2442 1471 2486 detrahebant,
1492 2445 1529 2478 et
1552 2442 1716 2479 ironiam
1739 2440 1838 2479 mul·

1068 2493 1146 2525 tam
1166 2489 1438 2533 ostendebant3
1466 2488 1542 2536 ip‹e
1565 2501 1653 2526 vero
1682 2501 1760 2526 non
1780 2499 1839 2526 so-

1069 2536 1145 2573 lum
1168 2548 1243 2573 non
1273 2536 1533 2581 ulciscebatur,
1553 2536 1619 2573 sed
1639 2539 1676 2572 et
1693 2539 1841 2573 contra-

1070 2585 1135 2619 riis
1172 2585 1439 2620 remunerabat
1477 2583 1516 2620 in
1549 2583 1764 2620 humilitate
1802 2585 1840 2619 et

1071 2631 1370 2667 mansuetudine.
1402 2631 1505 2667 Hunc
1538 2631 1665 2677 itaque
1703 2634 1738 2667 et
1774 2640 1840 2668 nos

1070 2679 1250 2721 zelemur,
1263 2680 1312 2714 ita
1328 2677 1429 2714 enim
1445 2679 1648 2720 poterimus
1666 2682 1702 2715 et
1716 2689 1739 2715 a
1755 2687 1843 2716 con-

1069 2725 1159 2761 vitio
1183 2725 1276 2771 eripi
1297 2726 1402 2761 omni
1438 2726 1476 2763 Si
1496 2724 1597 2762 enim
1616 2736 1688 2762 non
1709 2726 1841 2764 dolue-

1070 2772 1137 2817 ris,
1163 2783 1239 2809 non
1269 2772 1473 2810 convitium
1494 2772 1663 2820 patieris.
1686 2773 1781 2818 Quid
1807 2785 1844 2810 e-
