1924 3157
342 165 551 206 QUOMODO
591 167 785 203 DOMINUS
823 167 956 204 JESUS
995 166 1222 203 Arrxttctt·
1261 165 1400 201 MATRI

126 237 196 279 ret,
218 245 301 281 quae
316 245 394 282 prae
413 237 548 274 ceteris
569 237 652 284 plus
669 237 812 283 dilexit,
826 239 906 286 eJus

123 292 265 319 amoris
301 283 491 322 desiderio
531 286 615 333 plus
651 286 906 332 afficiebatur,

121 329 208 376 plus
219 331 266 367 de
287 332 366 378 ejus
388 339 507 370 morte
526 334 658 371 doluit.
674 334 757 380 plns
775 335 906 371 dolore

121 377 264 430 afflicta
277 380 357 425 ejus
375 380 703 418 Restir1·‹·ciionem
720 387 906 430 exspecta-

121 428 185 460 vit.
206 427 246 462 Et
266 426 349 463 licet
370 429 439 464 hoc
453 430 500 465 ab
521 429 769 475 Eiangelistis
787 429 905 466 subti-

121 477 264 516 ceatur‚
276 477 334 520 pia·
351 479 477 512 tama-n
492 479 542 512 sic
556 476 735 514 creditur.
755 478 858 514 Unde
871 481 907 513 et

122 521 291 558 Romanu
310 523 473 560 Ecclesia
495 525 563 560 hoc
585 525 832 571 comprobare
852 524 904 561 vi-

121 568 245 612 detur,
265 580 349 615 quae
367 571 492 607 statim
511 572 592 618 ipsa
609 572 682 615 die,
701 575 798 617 apud
817 583 903 609 san-

121 621 219 653 ctam
235 617 390 654 Mariam
403 620 581 665 Majorem
594 621 720 656 Romae
738 620 803 656 ceh
819 620 904 657 brat

120 664 340 708 staltiunenu
378 676 443 710 per
468 668 539 703 hoc
574 668 748 706 innuens.
778 669 902 704 Rvatae

120 711 248 748 Mai-iae
269 713 389 759 primo
411 716 543 751 lactum
563 715 852 761 apparitionem.

167 775 186 807 7
205 760 280 797 CUR
300 773 552 798 EVANGt-:Lts'rffi
582 774 673 799 HANG
693 775 901 800 APPARITIO-

118 818 189 843 Nau
217 819 289 844 NON
323 810 578 846 scnirsnnmr?
602 831 647 837 —
682 811 776 855 Quid
801 811 901 848 cuim

118 854 149 891 si
185 856 434 902 Evangelistae
456 858 526 894 hoc
547 869 622 894 non
643 858 800 895 dicant?
821 861 900 896 Non

117 902 230 943 enim.
255 908 292 940 ut
314 904 365 941 ait
385 906 564 950 Juannes,
585 906 710 943 omnia
745 909 825 953 ejus
846 908 899 943 fa-

115 954 176 988 cta
193 951 333 998 scripta
347 958 446 988 sunt.
471 955 563 990 Nam
581 954 610 990 si
627 955 696 990 hoc
718 954 802 990 ideo
824 966 898 991 non

115 999 296 1044 creditur,
319 1000 408 1046 quia
428 1001 553 1038 nullus
574 1001 898 1048 Evangelistarum

115 1048 288 1089 testatur,
312 1058 549 1094 consequens
569 1053 638 1093 est,
662 1057 700 1086 ut
724 1054 807 1096 post
832 1051 898 1086 Rc-

112 1093 390 1131 surrectionem
408 1107 611 1142 numquam
624 1096 694 1133 sibi
713 1107 897 1144 apparue-

111 1140 173 1179 rit.
189 1143 280 1188 quia
299 1142 447 1186 ubi‚vel
467 1145 619 1189 quando
632 1145 759 1181 nullus
779 1146 896 1182 Evan-

111 1189 247 1235 gelista
272 1190 460 1226 edisserit.
486 1192 557 1228 Sed
583 1191 681 1228 absit
710 1196 747 1228 ut
782 1193 895 1229 talem

111 1239 282 1279 Matrem,
305 1238 392 1274 talis
413 1238 541 1284 Filius,
564 1240 629 1276 tali
651 1244 686 1276 et
705 1243 810 1277 tanta
831 1251 895 1277 ne-

111 1285 294 1332 gligentia
319 1287 626 1331 dehonoraverit,
654 1287 716 1334 qui
747 1293 895 1334 patrem

111 1336 150 1369 et
175 1337 336 1370 matrem
378 1334 556 1371 honorari
598 1336 791 1382 praevepit.
823 1337 895 1372 Sed

110 1379 197 1417 ideo
221 1381 379 1418 forsitan
402 1383 471 1418 hoc
493 1382 745 1427 Evangelistae
772 1383 894 1420 subti-

112 1435 288 1473 cuerunt,
306 1432 395 1476 quia
409 1440 538 1466 eorum
562 1431 630 1467 suit
649 1431 816 1468 osticium
832 1443 894 1468 so-

110 1475 304 1514 lummodo
326 1478 624 1515 Resurrectionis
645 1483 760 1516 testes
779 1479 895 1516 indu—

111 1534 219 1565 cere:
242 1526 398 1562 Matrem
417 1530 541 1562 autem
554 1527 600 1562 ad
615 1527 893 1564 testificandum

110 1581 179 1619 pro
211 1572 302 1609 Filio
339 1584 406 1610 suo
438 1573 620 1611 inducere
650 1586 725 1611 non
752 1575 891 1613 decuit.

111 1619 147 1657 Si
160 1620 260 1657 enim
274 1622 388 1658 verba
406 1626 672 1659 extranearum
689 1623 893 1660 mulierum

110 1667 359 1706 deliramenta
379 1672 466 1706 sunt
486 1669 587 1715 visa3
607 1671 796 1717 quomodo
817 1682 893 1708 non

109 1715 230 1762 magis
250 1717 422 1761 Matrem,
442 1728 509 1762 pro
534 1719 677 1754 nouare
704 1718 785 1754 Filii
807 1730 892 1755 cre-

109 1762 243 1800 derent
265 1764 458 1801 delii-are?
476 1767 552 1801 Hoc
578 1765 694 1811 igitur
714 1767 893 1813 Evange-

108 1809 205 1848 listae
245 1811 412 1849 scribere
452 1816 656 1850 noluerunt
674 1827 681 1851 ;
718 1814 782 1850 sed
824 1825 891 1861 pro

108 1861 293 1896 constanti
306 1860 554 1907 reliquerunt.
571 1863 645 1898 l-loc
659 1867 716 1898 est
728 1862 827 1909 quod
845 1873 893 1898 ie-

106 1910 228 1943 statur
245 1908 475 1951 Ambrosius,
493 1909 545 1946 sic
567 1909 696 1946 dicens
720 1922 728 1946 z
754 1926 768 1941 ιι
795 1909 893 1946 νίιὶίῐ

109 1955 227 1991 Maria
240 1956 569 1994 Resurrectionem
583 1956 730 1993 Domini
745 1969 753 2002 ;
771 1957 892 2004 prima

107 2002 214 2048 vidit,
243 2007 280 2040 et
316 2004 490 2041 credidit.
517 2005 618 2041 Vidit
642 2004 759 2042 Mai-ia
786 2007 890 2053 Mag-

108 2049 258 2095 dalem,
272 2051 444 2098 quamvis
463 2052 586 2089 adhuc
601 2053 672 2089 ista
693 2058 888 2090 nutaret.»

110 2098 213 2135 Unde
239 2099 292 2136 ait
318 2101 516 2136 Anselmus
542 2113 553 2136 .-
580 2115 599 2132 «
622 2102 668 2136 At
696 2101 725 2137 si
753 2100 890 2148 aliquis

109 2146 259 2194 quaerit,
275 2158 343 2184 cur
359 2147 610 2194 Evangelistae
629 2159 705 2186 non
723 2150 888 2186 reserant

1442 164 1551 200 SUAE.
1719 164 1770 197 181

987 237 1111 285 ipsum
1132 237 1341 284 piissimum
1364 234 1564 273 Dominum
1592 244 1615 271 a
1650 241 1772 273 mort-2

988 289 1264 331 resurgent··m‚
1286 285 1369 321 huic
1390 283 1620 320 dul‹·issimae
1645 284 1770 330 Matri,

987 340 1027 370 ut
1053 334 1134 379 ejus
1170 333 1321 369 dolores
1361 332 1564 378 mitigaret,
1586 341 1706 377 primo
1728 343 1771 368 ac

986 380 1175 428 praecipue
1212 380 1443 426 apparuise
1475 379 1648 423 dicimus,
1670 381 1771 424 quod

986 439 1008 465 a
1023 429 1186 474 quodam
1209 428 1378 473 s.·picnte
1396 428 1442 463 de
1465 428 1533 463 lioc
1549 427 1630 472 ipso
1648 426 1770 464 scisci-

985 480 1108 512 tantes
1143 475 1369 511 audivimus.
1394 474 1453 510 Αἰι
1491 485 1580 521 ergo
1617 486 1625 510 ε
1654 475 1773 512 Tanta

983 529 1101 560 scitur
1122 526 1328 559 auctoritas
1351 522 1579 558 narrationis
1602 523 1770 569 Evange-

985 571 1094 615 lisiae,
1117 578 1156 607 ut
1184 569 1275 606 nihil
1311 569 1347 605 in
1375 580 1419 605 ca
1455 569 1690 616 dependens,
1715 571 1769 607 vel

985 621 1110 662 inane,
1133 618 1188 655 vel
1211 618 1443 663 superfluum
1459 617 1680 662 reperiatur.
1701 619 1771 655 tta-

983 678 1069 712 que,
1091 666 1119 702 si
1145 665 1266 709 Matri,
1290 664 1321 701 si
1348 664 1515 701 Dominae
1538 665 1667 701 muudi
1692 667 1769 712 ipse

983 714 1097 751 Filius
1115 715 1196 761 ejus
1216 714 1263 750 ab
1284 714 1429 749 iiil'ernw
1451 723 1656 758 resurgens
1679 713 1770 749 scri-

982 763 1148 807 beretur,
1171 761 1267 798 sicut
1288 760 1387 804 aliis,
1409 760 1644 806 apparuisse,
1663 771 1766 798 eam-

982 821 1055 857 que
1083 810 1128 846 de
1154 820 1222 846 sua
1256 810 1544 845 Resurrectione
1566 808 1764 853 docuissc;

981 858 1064 904 quis
1099 868 1173 893 non
1200 856 1272 893 tale
1309 856 1491 903 scriptum
1530 856 1766 902 superfluum

982 906 1148 942 diceret?
1182 904 1365 950 Reginam
1404 902 1578 940 videlicet
1615 904 1700 940 coeli
1730 908 1766 941 et

978 956 1105 996 tcrrae,
1128 952 1324 998 omnisque
1345 956 1530 988 creaturae
1551 956 1768 998 coaequaret

977 1000 1031 1037 iili
1057 1001 1113 1036 vel
1141 1000 1195 1036 illi
1220 999 1358 1045 quibus
1381 998 1571 1045 apparuit,
1597 1001 1676 1035 viro
1708 1000 1765 1037 vel

979 1049 1142 1085 mulieri.
1187 1047 1350 1093 Spiritus
1385 1047 1464 1093 ejus
1502 1047 1612 1092 plene
1650 1050 1765 1093 atque

976 1096 1142 1143 perfecte
1163 1094 1200 1130 in
1223 1094 1285 1130 illa
1305 1093 1537 1140 quiescebat.
1553 1094 1616 1140 qui
1636 1094 1708 1132 sibi
1728 1099 1765 1131 et

977 1154 1058 1180 esse
1092 1142 1208 1186 iliius,
1245 1145 1281 1177 ct
1308 1141 1438 1178 omnia
1476 1142 1577 1177 sacta
1609 1142 1706 1189 ejus,
1728 1146 1765 1179 et

976 1191 1058 1228 luce
1072 1190 1212 1227 clarius
1228 1189 1439 1233 revelabat;
1459 1193 1496 1225 et
1514 1189 1765 1237 Evsingelistae

975 1239 1198 1282 scriberent,
1222 1241 1309 1273 tunc
1344 1237 1400 1273 vel
1441 1240 1529 1272 tunc
1563 1236 1616 1272 illi
1649 1239 1763 1274 talem

977 1287 1032 1322 vel
1057 1286 1171 1322 talem
1203 1289 1321 1321 semet
1355 1284 1603 1321 exhibuisse?
1635 1301 1653 1317 »
1683 1286 1762 1323 haec

974 1335 1184 1371 Anselmus.
1205 1333 1309 1370 Unde
1331 1332 1446 1369 etiam
1465 1333 1638 1370 Sedulius
1656 1344 1664 1369 :

1010 1408 1158 1454 Semper
1178 1407 1281 1451 viryo
1302 1416 1465 1447 manem,
1483 1405 1594 1450 hujus
1611 1416 1649 1442 se
1666 1407 1760 1442 visi-

1517 1453 1597 1500 [bus
1619 1458 1759 1498 astans,

1008 1504 1101 1539 Luce
1120 1503 1246 1549 palam
1261 1502 1435 1539 Dominus
1449 1503 1557 1548 prius
1578 1502 1758 1542 obtulit...

973 1573 1069 1611 Dicit
1090 1575 1204 1610 etiam
1226 1575 1408 1619 [gnatius.
1425 1573 1526 1620 quod
1546 1573 1667 1619 primo
1686 1575 1759 1611 Do-

974 1622 1098 1658 minus
1116 1625 1292 1669 apparuit
1304 1621 1413 1658 Matri
1429 1632 1506 1658 suae
1525 1626 1608 1668 post
1623 1623 1760 1659 Resur-

972 1670 1196 1714 rectionem,
1225 1674 1261 1706 et
1287 1670 1555 1706 consolabatur
1583 1680 1690 1714 eam;
1714 1681 1758 1707 ex

972 1728 1046 1764 quo
1075 1722 1179 1754 tanto
1204 1716 1269 1753 suit
1297 1717 1438 1764 repleta
1471 1717 1626 1763 gaudio,
1656 1718 1758 1764 quod

971 1765 1088 1802 oblita
1124 1765 1196 1802 suit
1228 1764 1351 1801 omnis
1386 1765 1529 1802 doloris
1561 1776 1672 1811 quem
1695 1766 1757 1802 ha-

971 1813 1103 1850 bu··rat
1138 1813 1185 1849 de
1209 1823 1276 1849 sua
1307 1812 1499 1850 Passione.
1532 1813 1637 1857 Quul
1666 1824 1756 1861 ergo

969 1861 1068 1897 infra
1089 1859 1229 1897 dicitur
1243 1861 1466 1907 apparuisse
1482 1864 1602 1908 primo
1629 1863 1758 1898 Mariae

970 1909 1223 1953 Muydalenae,
1261 1908 1499 1955 intelligitur,
1539 1908 1639 1946 inter
1675 1919 1754 1954 eos,

971 1957 1105 2004 quibus
1129 1956 1247 1992 voluit
1279 1967 1389 1993 suam
1422 1959 1754 1993 Resurrectionem

968 2006 1155 2052 probare;
1179 2003 1289 2040 Matri
1327 2004 1429 2041 enirn
1457 2004 1602 2050 Virgini
1632 2004 1753 2052 primo

969 2053 1141 2089 omnium
1168 2052 1357 2099 apparuit,
1384 2063 1460 2088 non
1497 2058 1535 2088 ut
1564 2055 1754 2090 Resurre-

969 2100 1132 2136 ctionem
1154 2110 1260 2136 suam
1288 2101 1479 2146 probaret,
1503 2100 1569 2137 sed
1597 2105 1637 2138 ut
1668 2111 1752 2137 eam

968 2147 1015 2184 de
1034 2147 1116 2184 visu
1137 2159 1204 2184 suo
1225 2148 1449 2184 laetificaret.

849 2287 1023 2325 ORATIO

154 2427 182 2465 O
211 2427 342 2472 Maria,
379 2429 444 2465 Dei
470 2427 641 2467 Genitrix
662 2433 699 2466 et
720 2429 835 2478 Virgo
862 2429 1044 2477 gratiosa,
1067 2429 1238 2467 omnium
1259 2429 1518 2468 desolatorum
1539 2431 1587 2468 ad
1609 2435 1647 2468 te
1667 2431 1753 2470 cla-

107 2476 291 2513 mantium
320 2475 546 2513 consolatrix
581 2487 682 2522 vera,
715 2488 783 2525 per
812 2478 905 2515 illud
945 2489 1128 2525 magnum
1165 2478 1345 2526 gaudium
1373 2489 1446 2525 quo
1473 2479 1669 2516 consolata
1696 2491 1750 2526 es,

107 2524 261 2571 quando
283 2524 494 2571 cognovisti
520 2524 719 2562 Dominum
734 2527 861 2563 Jesum
883 2526 943 2563 die
966 2528 1079 2563 tertia
1099 2538 1120 2563 a
1143 2526 1302 2563 mortuis
1320 2526 1594 2572 impassibilem
1617 2539 1751 2565 resur-

107 2571 264 2615 rexisse,
291 2572 342 2608 sis
360 2572 587 2608 consolatrix
604 2574 741 2610 animae
762 2584 875 2616 meae;
904 2579 940 2612 et
967 2575 1067 2621 apud
1094 2575 1270 2611 eumdem
1297 2579 1419 2619 tuum,
1446 2581 1482 2610 et
1516 2575 1580 2612 Dei
1613 2576 1748 2613 Natum

107 2619 360 2666 unigenitum,
382 2622 417 2656 in
436 2619 496 2656 din·
521 2620 739 2666 novissimo,
763 2623 919 2668 quando
939 2633 1022 2659 cum
1045 2622 1172 2659 anima
1195 2629 1227 2659 et
1256 2633 1414 2669 corpore
1432 2633 1497 2658 ero
1519 2628 1750 2660 re-iirrectu-

108 2677 175 2704 rus
211 2672 247 2704 et
283 2668 330 2704 de
366 2667 526 2714 singulis
566 2671 659 2705 mois
693 2670 801 2708 sactis
825 2670 1010 2707 rationem
1048 2670 1280 2713 redditurus
1302 2681 1361 2707 me
1395 2670 1567 2716 digneris
1589 2673 1745 2717 juvare;

109 2715 210 2762 quod
233 2719 426 2763 perpetuae
448 2716 706 2754 damnationis
739 2719 967 2755 sententiam
998 2729 1061 2763 por
1083 2724 1132 2761 tc,
1165 2718 1226 2765 pia
1247 2720 1366 2755 Mater
1389 2725 1425 2755 et
1449 2718 1575 2765 Virgo.
1599 2719 1744 2754 valeam

109 2766 284 2808 evadere,
305 2768 340 2800 et
376 2774 460 2800 cum
485 2764 614 2800 electis
640 2764 705 2801 Dei
735 2766 912 2803 omnibus
940 2767 987 2802 ad
1010 2772 1154 2803 aeterna
1183 2767 1323 2812 gaudia
1351 2766 1510 2802 l'clicitcr
1529 2765 1743 2812 pervenire.

111 2811 243 2847 Amen.
