1924 3157
795 120 844 153 ΕΤ
883 118 1172 153 ΝΕΜΕΗΟΗΠΜ.
1745 121 1804 157 3¹23

189 191 211 231 4
233 188 442 223 Descensus
464 188 601 224 Christi
622 189 671 225 ad
688 187 829 225 inferos
1044 204 1062 234 7
1087 188 1287 224 Humilitas
1306 192 1343 225 et
1362 189 1576 235 benignitas
1603 191 1680 227 Do-

212 234 399 280 hujusque
426 235 573 281 figura).
882 238 945 282 167
1064 237 1155 271 mini
1175 236 1222 271 ad
1251 236 1407 274 limbum
1435 239 1590 275 Patrum
1616 238 1682 275 de-

187 284 206 318 5
229 282 403 318 Insernus
431 293 630 328 poenarum
661 284 823 331 quadru-
1065 283 1296 320 scendentis.
1735 291 1802 336 169

209 330 308 376 plex.
882 334 947 370 168
1040 334 1060 367 8
1078 331 1258 366 Jubilatio
1281 333 1504 370 Sanctorum
1522 343 1616 381 quos
1634 332 1677 370 li-

185 380 205 413 6
239 377 318 420 Quo
354 387 467 413 sensu
511 378 683 417 Christus
719 391 824 416 mor-
1063 378 1265 414 berziturus
1297 379 1412 417 venit.
1733 386 1799 432 169

208 426 283 460 tem
323 425 526 469 prostravit
555 429 592 462 et
634 428 825 465 diabolum
1039 442 1060 475 9
1083 425 1254 462 Christus
1281 431 1564 467 resurrecturus
1593 429 1679 467 lim-

205 471 369 519 decepit.
881 478 944 512 168
1061 473 1152 510 bum
1174 473 1368 521 relinquit.
1739 493 1804 526 ¹70

470 600 622 637 CAPUT
638 600 758 637 LXIX.
775 621 819 628 --
837 603 887 638 De
905 599 1181 638 Resurrectione
1198 599 1345 635 Domini
1360 601 1492 636 nostri.

185 719 198 742 ι
220 704 366 742 Laetitia
398 706 588 752 paschalis
620 708 666 744 de
686 709 822 744 Resur-
1040 710 1062 751 4
1083 706 1263 753 Corporis
1285 707 1423 744 Christi
1445 709 1684 756 resurgentis

206 753 374 790 rectione
394 754 558 791 Domini.
877 770 937 803 ¹71
1066 754 1187 790 dotes.
1738 761 1800 805 ²75

183 813 200 836 2
235 802 361 837 Terrae
402 808 528 839 motus
549 831 558 848 ,
597 806 822 850 resurgente
1040 805 1059 838 5
1083 801 1301 847 Magnitudo
1323 802 1577 840 solemnitatis
1614 815 1682 851 pa-

206 847 371 893 Christo,
394 849 526 886 sactus.
876 865 936 898 171
1062 849 1200 885 schalis
1224 853 1260 886 et
1280 850 1354 886 diei
1387 851 1609 888 Dominicae.
1740 857 1800 900 174

179 897 201 931 5
222 896 405 933 Exaltatio
427 898 564 935 Christi
590 910 658 946 per
682 901 818 935 Resur-
1037 901 1058 933 6
1084 898 1160 933 Vox
1183 897 1336 934 alleluia
1356 899 1447 944 quid
1469 899 1685 945 significet?
1739 904 1802 948 175

202 943 382 980 rectionis
408 946 568 991 gloriam
599 958 675 984 non
709 946 818 984 diffe-
1037 961 1056 992 7
1078 947 1289 990 Resurgere
1314 946 1426 982 debet
1444 948 1586 984 anima.
1739 952 1802 996 176

203 992 323 1028 reuda
343 992 425 1029 suit.
872 1007 935 1041 172
1037 992 1214 1039 8Figurae
1226 994 1527 1031 Resurrectionis
1537 994 1692 1033 Christi.
1738 999 1802 1044 176

322 1124 472 1161 CAPUT
496 1125 599 1162 Lxx.
622 1145 666 1152 -—
687 1125 871 1169 Quomodo
889 1127 1065 1163 Dominus
1085 1127 1190 1162 Jesus
1210 1126 1389 1172 apparuit
1408 1126 1526 1162 Matri
1544 1136 1631 1163 suae.

182 1244 195 1267 1
216 1231 306 1267 Tres
341 1232 484 1277 Marias,
507 1235 584 1268 tres
619 1231 816 1268 hominum
1040 1236 1061 1277 4
1083 1231 1179 1275 Quid
1210 1231 1248 1268 in
1289 1242 1401 1268 sensu
1435 1232 1569 1269 morali
1604 1235 1683 1270 tres

201 1277 470 1316 salvandorum
505 1284 624 1316 status
665 1279 817 1326 signan-
1064 1279 1146 1316 ista>
1168 1279 1349 1316 mulieres
1369 1291 1576 1327 eorumque
1594 1291 1681 1318 aro-

201 1328 272 1370 tes,
285 1327 439 1363 veniunt
463 1328 510 1364 ad
532 1328 788 1375 sepulchrum.
870 1343 934 1376 177
1064 1328 1191 1364 mata?
1735 1344 1800 1378 ¹79

178 1386 196 1409 α
222 1374 403 1410 Aromata
424 1375 552 1412 Mariae
584 1376 817 1421 ⁴tlagdalenae
1040 1378 1059 1411 5
1082 1376 1155 1412 Cur
1178 1377 1219 1411 B.
1244 1374 1363 1411 Maria
1392 1377 1506 1421 Virgo
1531 1375 1578 1412 ad
1602 1386 1680 1413 mo-

201 1423 238 1456 et
259 1422 387 1458 Mariae
407 1423 537 1460 Jacobi
560 1423 714 1470 mystice
737 1434 816 1469 poe-
1065 1426 1289 1459 numentum
1314 1434 1390 1459 non
1417 1423 1588 1459 venerit?
1736 1427 1801 1463 180

199 1468 410 1507 nitentibus
448 1475 485 1508 et
530 1471 817 1518 proficientibus
1039 1474 1059 1505 6
1080 1470 1275 1517 Apparitio
1298 1471 1419 1515 prima
1439 1470 1589 1507 Domini
1606 1472 1681 1509 Ma-

199 1517 400 1564 applicata.
872 1521 936 1566 178
1062 1518 1129 1554 riae
1151 1518 1259 1554 Matri
1281 1518 1391 1554 facta.
1734 1523 1799 1557 180

175 1566 196 1600 5
216 1566 397 1603 Aromata
423 1567 550 1602 Mariae
570 1566 718 1603 Salome
736 1577 815 1614 my·
1039 1581 1058 1613 7
1082 1567 1155 1603 Cur
1193 1566 1442 1612 Evangelistae
1476 1567 1575 1604 hanc
1606 1578 1681 1615 ap-

196 1612 287 1650 stice
305 1614 482 1661 perfectis
496 1614 694 1662 applicata.
871 1617 936 1661 178
1062 1613 1290 1661 paritionem
1311 1625 1390 1650 non
1410 1614 1663 1662 scripserint?
1735 1618 1795 1653 181

340 1743 490 1782 CAPUT
508 1746 629 1783 LXXI.
648 1765 694 1772 —
713 1745 895 1789 Quomodo
915 1745 1037 1782 Maria
1060 1744 1284 1789 Maqdalena
1303 1747 1337 1780 et
1353 1746 1438 1781 aliae
1455 1746 1600 1787 Mariae,

475 1798 510 1831 et
528 1796 656 1830 Petrus
677 1797 711 1829 et
731 1795 887 1830 Joannes
908 1795 1083 1829 venerunt
1108 1792 1158 1828 ad
1174 1796 1460 1829 monumentum.

177 1913 190 1936 1
215 1898 370 1936 Dierum
408 1900 667 1939 denominatio
713 1902 814 1949 apud
1031 1903 1051 1937 8
1073 1899 1196 1936 Verba
1213 1898 1405 1946 loquentis
1423 1900 1470 1937 ad
1490 1899 1669 1937 mulieres

196 1947 377 1984 Hebraeos
397 1953 435 1985 et
455 1950 635 1987 Gentiles.
868 1952 931 1986 182
1053 1947 1199 1995 Angeli.
1724 1951 1788 1986 186

174 2008 192 2031 α
215 1994 406 2041 Mulieres,
444 2001 731 2035 monumentum
778 2002 815 2035 et
1031 2012 1051 2045 9
1074 1997 1149 2033 Cur
1181 1997 1218 2031 et
1249 1994 1442 2042 quomodo
1465 1994 1671 2043 discipulos

194 2042 291 2089 lapis
312 2044 351 2079 in
369 2055 482 2082 sensu
497 2045 667 2092 mystico.
868 2047 932 2082 182
1053 2043 1091 2079 in
1119 2042 1313 2080 Galilaeam
1333 2043 1571 2091 praecesserit
1588 2045 1670 2081 Do-

171 2092 191 2126 5
217 2091 313 2134 Quot
331 2092 436 2129 horis
453 2094 625 2130 Christus
645 2093 813 2130 fueritin
1054 2090 1180 2127 minus
1196 2091 1214 2126 ?
1357 2136 1364 2143 ¹
1727 2094 1789 2139 187

195 2142 472 2177 monumento?
868 2143 932 2184 184
1010 2155 1050 2177 ιο
1070 2137 1216 2174 Relatio
1250 2137 1299 2174 ad
1329 2138 1533 2184 discipulos
1551 2149 1574 2175 a
1594 2149 1672 2176 mu-

170 2188 192 2229 4
214 2186 472 2231 Cogitationes
494 2189 697 2225 mulierum
718 2189 810 2226 dum
1052 2186 1210 2222 lieribus
1231 2185 1342 2222 sacta.
1727 2188 1792 2224 183

192 2232 349 2270 veniunt
370 2237 417 2272 ad
445 2237 700 2284 sepult-hrum.
866 2239 930 2279 184
1009 2251 1043 2272 ιι
1071 2236 1204 2270 Petrus
1236 2237 1273 2269 et
1312 2235 1478 2272 Joannes
1509 2238 1670 2272 currunt

170 2283 190 2317 5
210 2282 406 2328 Apparitio
433 2285 680 2330 Angelorum.
864 2287 928 2321 185
1051 2281 1099 2318 ad
1125 2287 1428 2319 monumentum.
1725 2283 1790 2319 188

169 2331 190 2364 6
208 2328 396 2377 Christus,
419 2333 546 2369 clauso
581 2333 703 2370 adhuc
727 2342 808 2370 mo·
1008 2344 1046 2367 12
1071 2328 1310 2366 Linteamina
1337 2330 1460 2377 posita
1483 2330 1522 2367 in
1557 2340 1669 2368 sensu

193 2383 392 2425 numento,
414 2380 632 2417 remrrexit.
865 2381 928 2415 185
1050 2376 1207 2413 litterali
1234 2380 1272 2413 et
1293 2378 1442 2414 morali.
1727 2380 1792 2426 189

168 2439 188 2471 7
209 2425 391 2471 Aspectus
427 2427 563 2475 Angeli
610 2431 646 2466 et
695 2428 809 2465 timor
1007 2429 1045 2462 ιδ
1070 2426 1210 2461 Iterum
1233 2424 1278 2460 de
1301 2425 1538 2472 apparitione
1552 2427 1673 2473 Ange-

194 2473 410 2512 mulierum.
864 2477 929 2511 186
1049 2473 1172 2510 lorum
1189 2471 1367 2510 mulieres
1379 2474 1671 2521 alloquentium.
1729 2485 1798 2525 ¹90

262 2600 414 2638 CAPUT
434 2602 572 2638 Lxxn.
601 2621 645 2628 —
676 2599 859 2646 Quomodo
879 2599 1056 2636 Dominus
1078 2599 1256 2646 apparuit
1274 2600 1405 2637 Mariae
1425 2600 1672 2646 Maydalenae.

173 2728 185 2750 1
210 2713 337 2751 Mariae
359 2716 594 2764 Magdalenae
615 2716 740 2754 servor
770 2717 807 2752 et
1025 2727 1042 2750 2
1065 2713 1255 2752 Inclinans
1272 2725 1312 2752 se
1328 2718 1365 2753 et
1379 2713 1614 2763 prospIciens
1629 2711 1668 2750 in

193 2761 382 2810 lacrymae.
860 2776 921 2809 191
1050 2766 1352 2807 monumentum,
1369 2763 1472 2801 videt
1488 2761 1665 2809 Angelos,
1722 2772 1786 2807 192
