1924 3157
641 183 691 217 DE
730 180 953 216 MENDACIO
993 181 1242 216 CUSTODUM.
1701 176 1762 213 203

114 257 300 302 potentes,
336 254 571 301 reliquerunt
590 282 599 299 ,
637 253 700 300 qui
735 251 897 300 pecunia

114 306 408 349 corrumpuntur
427 305 463 339 et
484 306 742 347 corrumpunt.
760 311 807 336 ac
828 310 896 346 pro

111 350 384 397 temporalibus
412 355 449 386 et
484 348 712 385 transitoriis
739 351 896 394 agentes

110 396 253 444 inique,
264 399 422 434 credunt
436 396 694 440 nihilominus,
705 396 770 432 sed
786 405 894 439 vane,

110 445 210 492 quod
237 445 291 482 sic
320 445 457 481 animae
489 455 621 480 eorum
655 445 896 489 requiescant

109 491 147 529 in
165 503 255 540 pace
280 497 315 528 et
335 497 480 539 partem
502 492 664 528 habeant
679 501 762 527 cum
783 490 893 527 Chri-

109 545 167 577 sto
188 540 226 576 in
246 540 536 577 resurrectione.

155 591 177 632 4
200 590 326 625 Ruuon
344 599 487 624 uanAx
504 598 548 622 m:
567 597 786 622 SUBLATIONE
808 596 893 622 con-

109 646 211 672 Ponls
232 637 375 672 Cmusn
397 646 488 671 APUD
508 636 653 671 JunAEos
672 644 890 669 mvnsselr.

107 703 153 708 —
166 684 218 719 At
230 685 304 727 illi,
317 683 491 719 custodes
505 681 662 725 scilicet,
673 684 819 726 accepta
831 691 891 725 pe-

107 732 214 766 cunia
227 730 408 776 corrupti,
417 731 580 773 fecerunt
591 730 686 765 sicut
697 731 801 763 erant
813 728 891 763 edo-

107 779 169 822 cti,
189 780 226 814 et
244 777 417 813 dixerunt
437 787 444 812 :
468 776 581 812 Nobis
601 774 889 820 dormientibus,

107 824 221 861 furati
239 828 328 862 sunt
341 823 513 870 discipuli
527 824 615 860 Jesu
632 833 767 869 corpus
783 823 888 868 eJus;

105 873 172 908 sed
192 874 345 908 mentitu-
366 876 417 907 est
436 872 619 916 iniquitas
634 871 719 912 sibi,
743 874 779 905 et
799 881 889 906 ava-

104 918 209 965 ritia,
233 920 329 956 sicut
349 922 386 956 et
407 917 542 956 Christi
558 917 778 964 discipulus,
802 920 890 953 sunt

102 966 263 1013 decepti.
281 968 366 1004 Haec
383 970 510 1003 autem
526 965 667 1010 irrisio,
680 965 777 1002 heu!
796 964 889 1000 mul-

101 1013 148 1050 tis
186 1014 298 1051 hodie
333 1015 508 1060 congruit
540 1012 666 1058 pigris,
705 1012 770 1049 illa
795 1013 890 1048 hora

101 1061 305 1098 Dominicae
319 1060 620 1099 Resurrectionis
635 1060 886 1106 torpentibus.

102 1109 209 1146 Unde
229 1111 357 1146 Petrus
378 1110 580 1145 Damianus
601 1119 609 1144 :
635 1122 653 1141 «
674 1107 889 1145 Cavendum

100 1161 157 1194 est
176 1160 302 1193 autem
323 1167 370 1192 ne
391 1166 524 1192 somno
547 1155 631 1202 quis
652 1155 710 1192 vel
738 1155 783 1190 ad
806 1165 887 1191 mo-

102 1208 273 1241 mentum
311 1203 479 1251 quidem,
512 1204 550 1239 in
586 1202 889 1249 competentibus

104 1251 208 1288 boris
236 1251 432 1297 assentiat,
453 1255 490 1287 et
517 1250 678 1287 maxime
696 1252 801 1297 juxta
825 1248 888 1285 di-

103 1298 295 1343 luculum3
322 1303 364 1336 ut
399 1309 474 1345 quo
514 1298 688 1334 videlicet
717 1301 887 1343 tempore

102 1346 255 1393 gravius
282 1346 467 1383 incumbit
502 1345 659 1388 accidia,
696 1344 888 1381 canonicis

103 1405 173 1431 nos
192 1394 359 1431 inveniat
385 1397 586 1440 occupatos
612 1392 759 1429 officiis.
782 1391 889 1428 Absit

104 1442 217 1478 etiam
246 1453 317 1478 nos
351 1445 439 1477 tunc
463 1451 599 1487 sopore
637 1440 694 1476 vel
728 1439 888 1485 ignavia)

104 1489 260 1532 taedere,
286 1500 359 1535 qua
371 1489 547 1525 videlicet
560 1489 655 1524 hora
667 1490 812 1524 constat
826 1488 894 1523 Re-

105 1536 347 1583 demptorem
362 1540 532 1572 nostrum
545 1537 685 1579 Jtsum,
695 1535 888 1571 destructo

103 1584 237 1621 mortis
254 1583 428 1630 imperio,
441 1582 647 1620 surrexisse
665 1595 673 1627 ;
692 1592 740 1618 ne
758 1581 788 1618 si
801 1586 888 1618 tunc

103 1631 349 1676 dormiamus,
371 1631 523 1678 quando
543 1630 688 1666 oriente
709 1630 788 1666 sole
805 1640 887 1665 cor-

128 1690 232 1724 oreo,
268 1680 382 1715 etiam
420 1678 580 1715 interior
606 1681 735 1714 noster
773 1677 887 1713 homo

116 1737 222 1763 ucem
241 1726 378 1764 debeat
394 1726 632 1762 inocciduam
653 1728 886 1771 exspectare,

129 1774 202 1810 uod
234 1773 346 1818 absit,
370 1778 413 1810 ut
437 1773 563 1809 irrisio
588 1772 696 1809 nobis
717 1771 888 1808 videatur

100 1820 166 1858 ila
190 1832 401 1868 congruere
434 1832 442 1856 :
474 1821 659 1867 Discipuli
681 1819 760 1864 ejas
785 1823 888 1855 nocte

98 1873 287 1914 venerunt,
310 1872 358 1915 et,
392 1869 497 1904 nobis
525 1867 804 1911 dormientibus,
825 1868 886 1911 fu-

100 1919 178 1953 rati
194 1920 281 1952 sunt
298 1927 377 1953 eum
406 1928 414 1952 :
442 1930 462 1949 >›
484 1917 566 1952 haec
585 1917 719 1952 Petrus
740 1917 886 1951 Damia-

100 1975 182 2000 nus.
205 1964 308 2000 Istud
326 1967 451 2001 autem
471 1962 711 2000 mendacium
726 1962 887 1998 militum

99 2012 221 2049 Judaei
240 2015 417 2048 emerunt
445 2021 546 2055 care,
564 2010 665 2057 quod
683 2010 807 2047 adhuc
823 2021 888 2046 eos

101 2062 207 2096 tenet
224 2059 261 2094 in
281 2069 424 2102 errore,
448 2059 548 2094 unde
569 2058 802 2102 divulgatum
819 2061 886 2102 est,

103 2110 141 2143 et
158 2107 299 2142 mansit
320 2107 465 2142 verbum
484 2106 597 2151 istud,
621 2104 764 2142 scilicet
784 2105 885 2151 quud

101 2153 271 2191 Christus
286 2154 432 2190 furatus
453 2153 597 2197 suisset,
613 2156 650 2189 et
669 2163 744 2189 non
764 2163 885 2189 surre-

100 2201 227 2247 xisset,
249 2205 443 2248 tamquam
465 2211 610 2245 verum,
633 2199 734 2247 quod
759 2204 886 2236 tamen

102 2253 184 2286 erat
209 2248 360 2293 salsum,
384 2250 484 2295 apud
505 2249 648 2284 Judaeos
669 2258 783 2294 usque
811 2259 870 2284 mo

101 2296 163 2340 do,
189 2299 226 2332 et
262 2298 299 2332 in
328 2296 543 2332 hodiernum
563 2297 672 2340 diem,
697 2299 734 2331 et
768 2305 886 2341 usque

102 2343 214 2380 hodie
233 2354 429 2380 suumnon
450 2345 577 2380 vident
595 2343 651 2380 vel
672 2342 889 2389 intelligunt

101 2401 281 2428 errorem.
305 2391 410 2427 Unde
433 2391 485 2428 ait
505 2391 677 2428 Rabanus
700 2402 708 2426 z
734 2404 752 2423 «
773 2391 887 2426 Error

102 2439 217 2485 empti
254 2438 456 2484 mendacii,
493 2449 560 2486 per
583 2439 681 2485 quod
706 2439 886 2474 Resurre-

102 2485 236 2522 ctionis
255 2486 444 2532 denegant.
472 2485 682 2529 veritatem,
708 2496 882 2532 perseve-

102 2537 160 2570 rat
194 2533 232 2569 iu
253 2533 407 2578 Jutlaeis,
442 2545 486 2569 ne
512 2533 551 2569 in
589 2534 779 2570 Christum
809 2543 887 2569 cre-

102 2580 215 2625 dant3
238 2585 275 2617 et
295 2586 402 2617 reatu
429 2592 493 2617 eos
510 2580 732 2627 constringit
753 2591 886 2626 perpe-

102 2631 179 2665 tuo.
203 2642 222 2661 »
251 2628 307 2664 Ad
333 2633 480 2675 tempus
501 2633 626 2665 autem
648 2628 885 2665 mendacium

102 2675 315 2723 praevaluit‚
338 2676 403 2712 sed
427 2687 499 2712 nou
522 2686 681 2722 semper.

150 2726 170 2760 5
180 2724 502 2769 Comasscnesssrs
515 2725 718 2767 Domom
725 2734 797 2759 Anu
808 2734 888 2759 suu-

103 2771 315 2807 naxsnuxr?
327 2792 371 2797 -
395 2773 484 2807 Nam
501 2775 632 2807 contra
646 2771 775 2807 fictum
788 2781 889 2806 men-

103 2817 252 2855 dacium
267 2819 499 2865 Judaeorum‚
517 2817 673 2865 refulget
693 2821 731 2855 et
756 2818 887 2855 efficax

969 250 1230 295 irrefragabile
1256 251 1516 289 testimonium
1544 259 1757 295 resurgen-

969 299 1060 334 tium
1085 305 1342 336 mortuorum:
1367 299 1455 346 quia
1467 299 1584 334 multa
1603 309 1756 343 corpora

968 347 1340 388 Sancto›·mn,sriliret
1353 348 1416 389 qni
1426 348 1650 382 dormierant
1659 356 1757 381 som-

970 404 1016 429 110
1033 393 1177 438 mortis,
1188 399 1425 430 surrexerunt
1440 398 1520 440 post
1535 394 1757 430 Resurrecti-

968 452 1070 476 onem
1081 441 1377 487 ejus,t;1m‹1u.un
1395 446 1509 478 testes
1525 452 1601 477 sua}
1619 442 1755 476 Resur-

969 488 1158 532 rectionis,
1182 494 1215 524 ei
1241 493 1410 524 eaeezmtes
1447 490 1491 524 dc
1514 489 1755 524 monumentis

967 540 1142 572 venerunt
1169 538 1206 572 in
1235 541 1401 572 sanctam
1436 538 1621 572 cit-itatem
1642 537 1757 572 Jeru-

967 584 1103 628 salem;
1128 594 1210 630 quie
1240 583 1378 619 dicitur
1406 588 1537 619 sancta
1561 594 1569 618 :
1602 586 1756 630 propter

966 631 1148 678 templum
1173 632 1298 668 divino
1323 631 1439 667 cultui
1461 631 1696 677 deputatum,
1719 631 1757 666 et

965 683 1121 725 propter
1146 682 1278 715 sancta
1299 684 1530 723 sanctorum,
1555 681 1592 714 et
1614 677 1661 713 ob
1699 676 1756 712 di-

966 726 1207 762 stinctionem
1232 727 1391 762 aliarum
1416 725 1580 768 urbium,
1603 724 1641 759 in
1663 724 1754 770 qui-

968 775 1036 810 bus
1057 773 1157 810 idola
1176 774 1414 817 colebantur3
1434 772 1489 808 vel
1505 782 1574 818 pro
1595 774 1752 816 antiquo

966 821 1131 866 nomine,
1161 825 1201 858 ut
1221 822 1420 857 Matthaeus
1449 820 1670 866 publicanus
1697 818 1753 854 di-

965 869 1088 913 citur;
1112 873 1145 905 et
1171 871 1426 915 apparuerunt
1451 868 1592 910 multis,
1618 865 1751 902 testifi-

963 920 1092 953 cantes
1121 917 1166 953 de
1189 916 1479 953 Resurrectione
1500 913 1663 959 Domini,
1685 912 1752 950 sci-

963 964 1051 1000 licet
1076 963 1225 1001 idoneis
1262 964 1310 1000 ad
1346 962 1644 1000 declarationem
1680 963 1751 998 lte-

963 1011 1210 1048 surrertionis
1249 1010 1470 1053 Doxuinicae,
1512 1009 1571 1046 his
1610 1008 1752 1045 scilicet

963 1060 1025 1106 qui
1042 1059 1168 1096 videre
1190 1061 1423 1101 meruerunt,
1440 1062 1477 1094 et
1492 1059 1752 1102 resurgentem

963 1111 1233 1152 susceperunt;
1257 1106 1324 1142 sed
1352 1116 1428 1141 non
1453 1104 1642 1149 omnibus,
1665 1102 1753 1150 quia

963 1165 1037 1192 non
1060 1159 1142 1190 erat
1178 1152 1406 1190 resurrectio
1441 1151 1645 1199 generalis,
1668 1161 1752 1196 quae

963 1201 1161 1249 apparebit
1182 1200 1361 1237 omuibus
1380 1204 1416 1236 et
1439 1199 1548 1236 bonis
1569 1203 1607 1236 et
1627 1198 1749 1235 malis.

964 1252 1007 1286 Et
1029 1252 1098 1286 hoc
1111 1249 1293 1286 divinitus
1313 1249 1451 1285 sactum
1470 1250 1526 1284 cst
1542 1250 1673 1283 contra
1690 1247 1752 1283 Ju-

963 1299 1066 1334 daeos
1090 1301 1126 1333 et
1146 1297 1297 1340 milites,
1315 1295 1352 1331 in
1370 1294 1627 1331 testimonium
1649 1293 1750 1340 quod

964 1345 1133 1383 Christus
1155 1343 1336 1381 Dominus
1357 1342 1534 1389 primitiae
1561 1343 1750 1377 dormien-

963 1396 1057 1429 tium
1074 1403 1161 1428 vere
1188 1391 1395 1427 resurrexit.
1417 1402 1438 1425 a
1458 1389 1628 1426 mortuis.
1648 1388 1752 1425 Unde

963 1440 1015 1477 ait
1038 1441 1312 1485 Chrysostonms
1332 1450 1339 1474 ;
1367 1452 1386 1471 ‹<
1409 1438 1549 1483 Aperta
1569 1440 1656 1472 sunt
1677 1446 1753 1472 mo-

963 1491 1157 1532 numenta,
1179 1495 1216 1523 et
1236 1488 1521 1522 resurrexerunt
1538 1483 1691 1528 mortui,
1713 1486 1751 1520 et

963 1535 1200 1571 intraverunt
1220 1533 1259 1569 in
1281 1536 1450 1569 sanctam
1472 1531 1687 1575 Civitatem;
1712 1534 1753 1567 ut

962 1582 1258 1619 inexcusabilem
1294 1580 1551 1626 relinquerent
1580 1589 1679 1622 eam,
1716 1583 1753 1614 et

962 1629 1110 1667 Domini
1127 1627 1366 1666 Resurrectio
1381 1628 1599 1664 firmaretur
1613 1638 1621 1662 :
1636 1640 1654 1659 »
1668 1627 1749 1662 haec

962 1679 1248 1723 chrysostomus.
1286 1677 1397 1711 Forte
1431 1676 1467 1711 hi
1503 1675 1666 1719 suerunt,
1702 1674 1750 1710 de

962 1725 1098 1771 quibus
1117 1734 1231 1770 supra
1250 1723 1290 1759 in
1310 1722 1468 1769 epistola
1494 1722 1541 1758 ad
1568 1722 1749 1758 Hebraeos

962 1772 1112 1820 legitur,
1135 1771 1236 1819 quod
1256 1770 1365 1807 multi
1392 1770 1668 1806 affectaverunt
1687 1779 1747 1805 se-

961 1819 1070 1868 peliri
1090 1819 1129 1856 in
1153 1823 1255 1856 terra
1281 1821 1425 1861 sancta,
1454 1821 1495 1854 ut
1514 1827 1600 1853 cum
1626 1816 1747 1853 Domi-

960 1879 1009 1904 no
1032 1870 1255 1913 resurgente
1282 1868 1536 1911 resurgerent.
1560 1866 1600 1900 ln
1624 1865 1748 1900 Evan-

961 1915 1059 1963 gelio
1073 1915 1187 1952 etiam
1201 1915 1468 1950 Nazaraeorum
1482 1911 1634 1960 legitur,
1648 1911 1749 1958 quod

961 1964 1035 2000 duo
1057 1962 1126 1999 viri
1154 1961 1275 1999 sancti
1296 1960 1434 1997 mortui
1463 1966 1550 1997 ante
1579 1960 1751 2006 quadra-

961 2013 1065 2058 ginta
1077 2021 1213 2051 annos,
1226 2014 1411 2045 venerunt
1423 2008 1460 2044 in
1472 2008 1653 2053 templum
1666 2018 1747 2043 san-

961 2063 1075 2103 ctum,
1088 2061 1125 2095 et
1142 2057 1375 2103 scripserunt
1395 2055 1582 2102 quomodo
1600 2054 1668 2099 illi,
1685 2055 1748 2100 qui

961 2109 1070 2142 crant
1101 2106 1138 2141 in
1166 2104 1295 2149 limbo,
1317 2106 1596 2140 exsultaverunt
1615 2102 1655 2138 in
1681 2102 1747 2139 de-

961 2165 1095 2190 scensu
1116 2152 1263 2189 Domini
1287 2152 1333 2188 ad
1353 2151 1517 2196 inl'eros;
1546 2154 1583 2186 et
1603 2149 1748 2186 daemo-

960 2212 1027 2237 nes
1063 2200 1324 2237 tristabantur.
1370 2198 1472 2234 Unde
1506 2200 1574 2234 Leo
1610 2198 1711 2244 Papa
1739 2208 1747 2232 :

963 2263 981 2282 «
1004 2250 1072 2293 Qui
1094 2246 1336 2284 mortalitatis
1353 2246 1608 2292 gravabantur
1628 2244 1748 2290 sepul-

961 2296 1076 2340 chris,
1111 2295 1282 2331 ‹liscussa
1313 2293 1593 2330 obstaculorum
1627 2302 1748 2337 mora,

961 2343 1157 2390 prosiliant
1173 2354 1182 2386 ;
1201 2345 1409 2388 appareant
1424 2350 1572 2386 quoque
1596 2339 1748 2376 nuncin

961 2392 1117 2428 C1vitate
1154 2393 1300 2431 sancta,
1339 2388 1375 2424 id
1414 2394 1467 2424 est
1498 2387 1661 2424 Ecclesia
1686 2387 1748 2423 Dei

961 2439 1096 2475 sutura:
1118 2436 1407 2474 resurrectionis
1428 2435 1580 2476 indicia,
1595 2438 1630 2471 et
1652 2435 1751 2481 quod

961 2486 1192 2522 credendum
1211 2487 1268 2520 est
1289 2483 1326 2519 in
1357 2484 1594 2529 corporibus,
1623 2483 1689 2518 fiat
1713 2482 1749 2518 in

962 2533 1138 2569 cordibus
1178 2544 1186 2568 :
1223 2546 1242 2564 »
1273 2532 1353 2567 haec
1383 2533 1452 2567 Leo
1475 2531 1605 2577 Rapa.
1636 2532 1750 2565 lieete

963 2586 1088 2618 autem
1112 2580 1147 2615 in
1171 2578 1470 2616 Resurrectionis
1491 2578 1637 2614 Domini
1655 2582 1749 2613 tem-

963 2640 1053 2675 pore
1075 2627 1137 2664 alii
1157 2629 1415 2670 surrexerunt,
1441 2629 1482 2662 ut
1501 2636 1587 2662 cum
1610 2636 1649 2661 se
1672 2635 1750 2670 per-

963 2676 1088 2722 cipere
1119 2675 1339 2720 desperaret
1378 2674 1507 2717 homo,
1529 2673 1628 2720 quod
1653 2671 1690 2707 in
1711 2682 1751 2707 se

964 2723 1181 2760 ostenderat
1208 2723 1324 2766 Deus;
1348 2722 1460 2757 homo
1480 2721 1551 2757 hoc
1571 2719 1608 2756 in
1626 2730 1665 2755 se
1682 2720 1747 2754 fie-

964 2770 995 2807 ri
1023 2781 1132 2817 posse
1162 2772 1420 2816 praesumeret,
1455 2768 1555 2815 quod
1582 2767 1619 2803 in
1646 2767 1750 2812 puris

965 2817 1182 2855 hominibus
1203 2818 1343 2854 sactum
1364 2819 1625 2863 cognosceret.
1647 2813 1750 2849 Unde
