1924 3157
411 146 461 179 DE
502 144 700 180 SABBATO
739 143 915 184 SANCTO,
957 142 997 176 lt<
1039 142 1253 177 PASSIONE
1292 142 1459 176 DOMINI.

119 211 200 267 dies
223 214 423 253 Dominica
449 215 496 253 ad
518 226 631 263 quam
653 214 820 263 pertinet
837 212 896 250 in-

118 261 315 308 telligitur.
341 265 383 299 Et
405 265 455 299 sir
479 268 563 300 sunt
586 268 663 300 tres
684 263 764 299 dies
791 264 897 297 natu·

117 307 230 351 rales,
244 314 281 346 et
295 312 474 357 quaelibet
488 315 635 347 noctem
655 320 761 347 suam
780 309 895 345 habet

118 358 410 402 praecedentem.
439 360 482 395 Et
514 362 605 395 tunc
638 361 804 394 mutatus
838 359 895 392 est

118 403 211 440 ordo
229 405 376 443 dierum
402 407 631 443 naturalium
655 417 661 442 :
687 415 760 441 non
779 414 895 451 quan-

117 453 197 487 tum
231 453 277 489 ad
312 454 484 490 ordinem
520 452 808 495 observationis,
828 451 894 487 sed

118 505 299 545 quantum
315 503 360 538 ad
377 501 550 538 ordinem
568 499 783 537 creationis.
802 499 893 535 Nam

118 549 204 583 ante
232 548 324 585 ordo
354 552 449 593 erat,
472 552 511 584 ut
546 548 627 584 dies
659 545 894 594 praecederet

119 597 283 641 noctem,
304 595 393 642 quia
414 596 536 643 primo
563 598 691 631 creata
712 597 769 630 est
795 592 892 637 dies,

118 644 154 677 et
175 643 376 680 subsecuta
407 647 461 679 est
500 652 599 686 n0x;
626 641 690 678 sed
714 641 893 687 deinceps

119 688 276 726 Creator
294 695 509 737 temporum
533 690 634 733 fecit,
657 693 691 725 ut
711 699 781 724 nox
795 698 893 735 prze-

118 736 270 773 cederet
290 738 404 782 diem,
424 738 513 784 quia
534 748 605 773 nox
623 747 698 783 qua
714 735 891 779 surrexit,

118 784 294 831 adjuncta
312 790 369 822 est
388 784 460 822 diei
484 795 558 832 qua
576 795 615 821 se
634 783 808 820 ostendit.
822 784 892 819 Un-

118 831 165 868 de
185 833 416 878 Auqustz‘nus
439 845 449 868 .·
471 846 488 865 «
513 831 615 869 Sicut
645 831 764 877 primo
788 841 891 867 rom-

118 880 353 926 putabuntur
373 881 453 917 dies
465 878 892 927 proptcrhominisrou-

117 927 184 962 diti
207 927 352 975 lapsum
371 939 393 964 a
416 928 496 964 luce
517 927 664 974 gratiae,
686 927 724 962 in
744 930 890 962 noctem

117 975 260 1021 culpce;
286 976 336 1012 ita
348 985 449 1012 nunc
473 979 629 1022 propter
650 974 814 1010 hominis
829 984 890 1010 re·

115 1022 366 1068 parationem,
400 1033 468 1069 per
495 1022 713 1059 Passionem
747 1026 781 1058 et
817 1023 890 1057 Re-

115 1072 389 1106 surrectionem
406 1070 558 1114 Christi,
581 1081 603 1106 a
625 1069 793 1106 tenebris
815 1069 889 1105 cul-

113 1127 171 1164 pae
196 1117 234 1154 in
260 1118 381 1154 lucem
403 1117 549 1164 gratiae,
572 1116 708 1153 merito
732 1126 886 1163 compu-

113 1168 253 1202 tantur.
277 1178 296 1198 n
322 1165 425 1202 Unde
447 1169 483 1201 et
500 1165 598 1201 Beda
619 1177 628 1200 :
649 1177 667 1198 «
692 1164 886 1208 Dominus,

114 1216 249 1249 auctor
272 1217 312 1250 et
336 1212 533 1249 ordinator
568 1218 795 1258 temporum,
825 1212 887 1258 qui

114 1259 153 1296 in
175 1259 306 1297 ultima
327 1260 447 1297 noetis
468 1261 578 1307 huJus
593 1263 696 1306 parte
712 1259 886 1305 surrexit,

114 1310 234 1345 totam
266 1319 365 1353 eam,
393 1308 572 1345 nimirum
611 1308 780 1354 eJ'usdem
808 1308 888 1344 Re-

115 1355 362 1393 surrectionis
397 1356 493 1400 luce,
517 1355 688 1391 festivam
717 1359 752 1391 et
780 1365 888 1391 coru-

114 1413 214 1440 scam
236 1403 373 1440 reddit.
399 1403 592 1449 Siquidem
628 1404 823 1448 hucusqne
841 1403 888 1439 ab

115 1452 267 1488 exordio
283 1451 482 1488 mundanae
498 1450 715 1494 creationis,
736 1451 890 1486 itatem-

117 1508 251 1545 porum
274 1509 406 1535 cursus
420 1498 887 1544 distinguebantur,utno-

116 1549 213 1582 ctem
239 1546 318 1583 dies
341 1545 696 1592 praecederet,juxta
717 1545 888 1581 ordinem

115 1594 289 1630 videlicet
315 1594 444 1639 primae
466 1593 706 1629 conditionis.
731 1594 805 1628 Hac
823 1604 888 1629 au-

115 1644 189 1678 tem
216 1644 325 1678 nocte
363 1645 577 1687 temporum
600 1641 692 1676 ordo
724 1644 890 1677 mutatus

116 1692 184 1734 est,
225 1699 292 1736 per
331 1688 552 1735 mysterium
590 1687 890 1724 Resurrectionis

114 1736 332 1773 Dominicae.
355 1737 460 1779 Nam,
490 1736 578 1782 quia
604 1739 714 1771 nocte
740 1745 762 1771 a
788 1746 888 1771 mor-

114 1784 187 1820 tuis
230 1783 447 1829 resurrexit,
491 1784 549 1820 (lie
591 1794 680 1819 vero
717 1783 889 1828 sequenti

112 1832 278 1878 ejusdem
302 1830 602 1868 Resurrectionis
624 1831 800 1867 effectum
824 1830 888 1866 di—

111 1879 266 1927 scipulis
288 1879 467 1925 ostendit,
497 1883 532 1915 et
560 1878 784 1925 participato
802 1878 887 1914 etim

110 1928 166 1964 eis
201 1927 371 1963 convivio
408 1926 605 1963 veritatem
631 1925 779 1962 virtutis
806 1926 886 1972 ejus

111 1974 351 2019 mirantibus,
369 1974 480 2010 simul
507 1978 543 2011 et
569 1973 822 2020 gaudentibus
843 1984 884 2010 a·

112 2022 260 2067 struxit,
282 2022 491 2059 rectissime
513 2031 585 2057 nox
609 2021 673 2057 illa
694 2021 885 2067 sequentis

112 2068 185 2106 diei
208 2069 282 2106 luci
303 2069 563 2116 conjungitur;
593 2079 636 2105 ac
656 2068 710 2105 sic
732 2072 886 2114 tempo-

114 2128 195 2153 rum
212 2117 304 2153 ordo
322 2120 483 2153 statutus
502 2121 622 2160 est,ut
639 2115 884 2160 diesnoctem

113 2169 306 2211 sequatur.
329 2165 373 2200 Et
389 2164 540 2211 quidem
559 2163 751 2210 aptissime
769 2174 886 2210 quon-

113 2213 200 2249 dam
222 2223 294 2249 nox
323 2213 553 2258 sequebatur
571 2211 686 2256 diem,
713 2213 801 2259 quia
821 2212 886 2248 ho-

111 2270 174 2297 mo
194 2271 216 2296 a
242 2260 323 2296 luce
351 2259 512 2306 paradisi
539 2259 732 2306 peccando
757 2259 885 2306 lapsus

110 2307 150 2344 in
172 2307 284 2354 hujus
295 2307 409 2344 seculi
425 2307 604 2343 tenebras
618 2317 885 2354 aerumnasque

114 2355 275 2399 deeiclit3
298 2353 493 2402 aptissime
512 2364 601 2391 vero
623 2365 723 2391 nunc
743 2354 823 2391 dies
836 2366 886 2391 sc-

115 2402 241 2449 quitur
277 2406 440 2447 noctem,
479 2403 630 2448 quando
665 2412 734 2449 per
770 2402 884 2439 tidem

114 2449 428 2492 Resurrectionis,
449 2460 471 2486 a
494 2449 634 2495 peccati
659 2449 827 2486 tenebris
848 2454 886 2486 et

112 2499 249 2534 umbra
265 2499 395 2534 {nortis
411 2499 456 2533 asl
479 2497 599 2534 lucem
619 2497 719 2541 vita»,
736 2497 885 2536 Clu-isto

114 2545 312 2592 largiente,
345 2544 571 2581 reducimur.
603 2545 744 2581 »Unde
772 2547 885 2581 etiam

111 2595 241 2630 Petrus
270 2596 404 2630 Cantor
428 2605 438 2627 .·
463 2607 480 2625 «
510 2594 550 2628 ln
572 2593 725 2629 exordio
761 2592 884 2629 condi-

112 2640 226 2677 tionis
259 2650 400 2680 rerum,
421 2643 660 2687 computatur
689 2639 770 2677 dies
801 2650 886 2676 cum

112 2692 221 2725 nocte
240 2687 525 2735 sequenti,quia
543 2689 577 2723 in
596 2687 774 2734 primaria
787 2698 888 2724 crea-

112 2735 215 2772 tione
237 2746 365 2772 rcrum
388 2735 581 2782 praecessit
608 2735 688 2771 dies
712 2738 882 2772 noctem:

111 2784 233 2830 primo
250 2783 352 2820 enim
370 2784 469 2819 sacta
490 2787 548 2820 est
562 2782 638 2829 lux,
655 2786 788 2830 postea
806 2793 885 2820 ver-

1699 138 1755 172 167

973 216 1086 259 gente
1104 213 1184 248 luce
1199 213 1244 249 ad
1268 221 1460 256 occasum,
1476 211 1574 247 facta
1590 213 1649 247 est
1660 220 1749 255 nox,

973 264 1009 296 et
1030 259 1082 295 ita
1118 260 1186 296 luit
1214 271 1310 296 unus
1337 260 1418 296 dies
1449 257 1646 302 naturalis,
1668 257 1748 294 dies

973 307 1190 353 praecedens
1227 317 1311 343 cum
1344 310 1454 343 nocte
1491 304 1678 353 sequenti.
1710 307 1750 342 ln

971 354 1150 391 Passione
1173 364 1260 390 vero
1298 353 1443 390 Domini
1471 355 1570 390 sacta
1591 356 1648 391 est
1671 363 1753 389 mu-

971 402 1064 438 tatio
1074 401 1220 438 ordinis
1235 401 1428 445 naturalis,
1445 406 1484 438 ut
1501 401 1643 438 scilicet
1652 409 1756 437 com-

971 452 1124 496 putetur
1148 458 1221 485 nox
1242 450 1464 495 praecedens
1493 459 1577 485 cum
1598 448 1660 485 die
1690 458 1750 484 se-

970 497 1098 543 quenti
1124 506 1191 542 pro
1214 495 1404 542 mysterio,
1431 506 1579 542 noxque
1601 505 1750 543 praece-

970 545 1034 581 dat
1053 543 1154 580 diem
1171 554 1182 588 3
1207 553 1251 580 ac
1278 553 1391 589 super
1413 544 1483 578 hoc
1503 543 1652 579 dicatur
1665 552 1747 589 my·

969 594 1079 628 stice:
1103 593 1230 628 Eratis
1246 592 1341 626 enim
1359 591 1563 636 aliquando
1579 590 1750 630 tenebrae.

968 650 1065 676 nunc
1084 643 1206 674 autem
1226 639 1293 674 lux
1311 640 1349 673 in
1371 639 1522 673 Domino
1541 649 1549 681 3
1572 643 1609 674 et
1632 647 1640 673 2
1666 639 1748 676 Nom

966 689 1164 734 praecessit,
1181 687 1258 722 dies
1278 689 1399 721 autem
1416 687 1744 731 appropinquavit.

970 735 1073 771 Hanc
1094 737 1219 770 autem
1242 732 1576 769 commutationem
1597 738 1748 768 natura·

969 781 1015 818 lis
1032 780 1326 828 computationis
1348 779 1386 816 in
1407 778 1660 823 artificialem,
1684 789 1746 815 vo·

968 829 1039 866 luit
1063 829 1246 865 Dominus
1272 828 1524 875 praetigurare
1554 825 1595 862 in
1627 825 1746 872 legiti-

969 877 1060 921 mis3
1084 877 1248 923 ideoque
1262 875 1442 922 praecepit
1459 875 1743 911 observantiam

968 924 1131 969 sabbati,
1155 928 1193 960 et
1227 923 1404 970 legalium
1437 921 1519 958 fieri
1541 931 1563 958 a
1587 931 1744 968 vespera

967 972 1005 1008 in
1029 981 1225 1019 vesperam
1255 986 1262 1008 :
1290 984 1307 1005 »
1330 971 1410 1007 haec
1444 972 1573 1006 Petrus
1596 970 1743 1005 Cantor.

966 1022 1009 1056 Et
1028 1020 1092 1061 sic,
1117 1023 1156 1056 ut
1176 1019 1297 1055 visum
1325 1022 1396 1062 est,
1423 1017 1576 1063 quidam
1614 1015 1746 1052 dicunt

966 1068 1063 1104 hanc
1084 1067 1331 1103 mutationem
1353 1066 1491 1102 factam
1508 1065 1546 1100 in
1564 1065 1744 1100 Parasce-

965 1125 1025 1158 ve,
1046 1118 1087 1151 ut
1108 1124 1192 1158 noir,
1215 1113 1360 1150 scilicet
1380 1112 1524 1159 quintae
1550 1110 1657 1148 seriae
1680 1111 1745 1147 su-

965 1162 1037 1198 erit
1066 1161 1177 1198 etiam
1202 1162 1450 1204 Parasceves3
1477 1158 1541 1195 alii
1568 1158 1608 1194 in
1634 1162 1744 1194 nocte

965 1208 1282 1253 Resurrectionis,
1298 1211 1339 1244 ut
1356 1218 1429 1243 nox
1452 1206 1518 1243 illa
1534 1206 1745 1242 communis

964 1257 1081 1294 fuerit
1103 1257 1274 1301 sabbato,
1297 1259 1334 1292 et
1349 1254 1424 1292 diei
1444 1253 1665 1296 Dominicae,
1681 1253 1745 1290 sed

963 1309 1086 1341 totum
1119 1304 1167 1341 ad
1203 1313 1318 1340 unum
1354 1302 1477 1340 tendit
1511 1311 1664 1338 sensum
1706 1304 1743 1338 et

964 1353 1155 1389 effectum.

1012 1404 1032 1444 4
1046 1402 1252 1436 Dnscmsus
1273 1398 1420 1435 Cnmsn
1439 1408 1484 1434 An
1506 1407 1658 1433 INFEROS
1677 1406 1740 1432 nu-

963 1459 1096 1488 Josocn
1115 1458 1265 1483 nicona.
1292 1466 1331 1472 —
1354 1446 1420 1482 Illa
1441 1455 1532 1491 ergo
1550 1445 1645 1481 hora
1665 1453 1740 1490 qua

965 1496 1137 1532 Salvator
1160 1498 1303 1538 noster,
1316 1492 1500 1530 inclinato
1514 1494 1651 1539 capite,
1666 1494 1739 1527 tra-

965 1543 1059 1579 didit
1078 1542 1266 1590 spiritum,
1288 1551 1447 1587 corpore
1467 1541 1505 1576 in
1533 1549 1643 1576 cruce
1673 1538 1737 1574 de-

964 1590 1111 1635 relicto,
1134 1589 1260 1626 anima
1287 1588 1398 1624 simul
1430 1597 1516 1624 cum
1543 1586 1741 1623 divinitate

965 1639 1011 1675 ad
1034 1638 1183 1674 inferna
1201 1636 1400 1684 spolianda
1421 1634 1627 1671 descendit.
1649 1634 1741 1670 Cum

965 1689 1093 1722 autem
1131 1685 1179 1721 ad
1218 1684 1357 1720 inferos
1398 1682 1660 1726 descenderet,
1706 1684 1743 1718 et

965 1734 1104 1770 chorus
1134 1731 1329 1780 angelicus
1363 1734 1450 1767 ante
1489 1729 1624 1766 faciem
1663 1729 1744 1776 eJus

964 1784 1091 1828 portas
1130 1781 1344 1826 principum
1385 1777 1466 1815 tolli
1501 1778 1739 1824 praeciperet.

965 1831 1189 1866 Sanctorum
1212 1827 1374 1874 populus
1395 1827 1457 1872 qui
1480 1825 1683 1861 tenebatur
1703 1824 1739 1859 in

963 1880 1085 1913 morte
1107 1875 1288 1923 captivus,
1304 1884 1396 1911 voce
1413 1871 1646 1920 lacrymabili
1666 1871 1737 1908 cla-

963 1925 1090 1961 mabat
1114 1934 1121 1959 :

1008 2020 1205 2055 Advenisti
1223 2018 1497 2061 desiderabilis,

1009 2069 1120 2111 Quem
1135 2070 1388 2114 eaespectamus
1406 2068 1444 2100 in
1465 2063 1639 2108 tenebris,

1014 2117 1058 2152 Uc
1078 2115 1246 2151 educeres
1270 2115 1413 2150 vinctos
1433 2112 1478 2148 de
1498 2111 1687 2148 claustris.

1012 2165 1057 2199 Try
1077 2166 1203 2198 nostra
1219 2162 1399 2200 vocabant
1418 2161 1598 2206 suspiria,

1012 2213 1057 2246 Te
1076 2212 1183 2255 larqa
1196 2209 1433 2255 requirebant
1455 2208 1631 2243 lamenta.

1012 2260 1064 2294 Tu
1084 2267 1165 2304 spes
1186 2268 1222 2293 es
1243 2257 1391 2302 effectus
1408 2254 1628 2301 desperatis,

971 2329 974 2334 -
1010 2307 1147 2350 Mayna
1165 2306 1362 2341 consolatio
1382 2304 1422 2338 in
1437 2302 1642 2339 tormentis.

962 2400 1034 2438 Sed
1055 2399 1140 2447 quis
1165 2409 1234 2446 per
1254 2398 1405 2445 singula
1441 2396 1570 2434 dicere
1601 2396 1742 2440 valeat,

962 2454 1104 2485 (uanta
1141 2447 1192 2484 ibi
1220 2446 1353 2483 laetitia
1372 2445 1504 2490 fuerit,
1525 2454 1612 2481 cum
1635 2442 1745 2480 Chri-

962 2501 1041 2532 stus
1063 2494 1297 2542 Soljustitiae
1318 2494 1370 2530 eis
1393 2491 1593 2540 apparuit;
1617 2494 1656 2528 et
1676 2492 1744 2527 ha-

964 2543 1172 2580 bitantibus
1191 2542 1230 2578 in
1250 2543 1406 2588 regione
1423 2541 1569 2577 umbrae
1590 2540 1743 2583 mortis,

962 2592 1025 2627 diu
1055 2601 1160 2626 novae
1200 2590 1294 2626 lucis
1332 2592 1547 2635 exspectata
1586 2585 1742 2623 claritas

962 2638 1125 2675 radiavit
1140 2640 1157 2674 ’ἶ
1180 2639 1223 2674 Et
1242 2637 1347 2674 stetit
1370 2637 1554 2673 Dominus
1580 2645 1666 2671 cum
1687 2635 1742 2669 eis

963 2686 1029 2730 ibi,
1057 2689 1095 2723 et
1118 2691 1206 2722 tunc
1231 2686 1387 2722 suerunt
1414 2685 1451 2720 in
1482 2682 1630 2730 gloria;
1654 2691 1740 2717 nam

963 2733 1057 2770 visio
1082 2734 1160 2778 Dei,
1183 2733 1351 2780 perfecta
1369 2735 1423 2768 est
1440 2730 1573 2778 gloria.
1598 2728 1740 2765 ibidem

964 2781 1031 2817 suit
1052 2784 1086 2818 et
1110 2781 1220 2825 latro,
1248 2780 1307 2816 cui
1345 2781 1528 2816 Dominus
1561 2776 1705 2813 dixerat
1731 2786 1738 2810 :
