<?xml version="1.0" encoding="UTF-8"?>
<!DOCTYPE html PUBLIC "-//W3C//DTD XHTML 1.0 Transitional//EN"
    "http://www.w3.org/TR/xhtml1/DTD/xhtml1-transitional.dtd">
<html xmlns="http://www.w3.org/1999/xhtml" xml:lang="en" lang="en">
 <head>
  <title>
</title>
<meta http-equiv="Content-Type" content="text/html;charset=utf-8" />
  <meta name='ocr-system' content='tesseract 3.04.00' />
  <meta name='ocr-capabilities' content='ocr_page ocr_carea ocr_par ocr_line ocrx_word'/>
</head>
<body>
  <div class='ocr_page' id='page_1' title='image "./vitajesuchristie04ludouoft/vitajesuchristie04ludouoft_0328.png"; bbox 0 0 1924 3157; ppageno 0'>
   <div class='ocr_carea' id='block_1_1' title="bbox 202 180 265 215">
    <p class='ocr_par' dir='ltr' id='par_1_1' title="bbox 202 180 265 215">
     <span class='ocr_line' id='line_1_1' title="bbox 202 180 265 215; baseline 0.016 -1"><span class='ocrx_word' id='word_1_1' title='bbox 202 180 265 215; x_wconf 82' lang='lat'>320</span> 
     </span>
    </p>
   </div>
   <div class='ocr_carea' id='block_1_2' title="bbox 194 246 865 1514">
    <p class='ocr_par' dir='ltr' id='par_1_2' title="bbox 206 246 859 340">
     <span class='ocr_line' id='line_1_2' title="bbox 206 246 859 287; baseline 0 -1"><span class='ocrx_word' id='word_1_2' title='bbox 206 253 247 287; x_wconf 90' lang='grc' dir='ltr'>ι6</span> <span class='ocrx_word' id='word_1_3' title='bbox 267 247 354 286; x_wconf 84' lang='lat' dir='ltr'>Tria</span> <span class='ocrx_word' id='word_1_4' title='bbox 393 246 577 284; x_wconf 87' lang='lat' dir='ltr'>illusionis</span> <span class='ocrx_word' id='word_1_5' title='bbox 610 247 859 286; x_wconf 86' lang='lat' dir='ltr'>instrumenta</span> 
     </span>
     <span class='ocr_line' id='line_1_3' title="bbox 245 294 787 341; baseline -0.002 -8"><span class='ocrx_word' id='word_1_6' title='bbox 245 296 283 333; x_wconf 92' lang='lat' dir='ltr'>in</span> <span class='ocrx_word' id='word_1_7' title='bbox 307 295 469 339; x_wconf 78' lang='lat' dir='ltr'>Christo,</span> <span class='ocrx_word' id='word_1_8' title='bbox 492 294 583 340; x_wconf 90' lang='lat' dir='ltr'>quid</span> <span class='ocrx_word' id='word_1_9' title='bbox 604 295 787 341; x_wconf 77' lang='lat' dir='ltr'>signent?</span> 
     </span>
    </p>

    <p class='ocr_par' dir='ltr' id='par_1_3' title="bbox 206 342 859 474">
     <span class='ocr_line' id='line_1_4' title="bbox 206 342 859 391; baseline -0.002 -10"><span class='ocrx_word' id='word_1_10' title='bbox 206 359 244 391; x_wconf 87' lang='lat'>17</span> <span class='ocrx_word' id='word_1_11' title='bbox 275 342 397 379; x_wconf 83' lang='lat' dir='ltr'>Flexio</span> <span class='ocrx_word' id='word_1_12' title='bbox 429 352 593 388; x_wconf 85' lang='lat' dir='ltr'>genuum</span> <span class='ocrx_word' id='word_1_13' title='bbox 625 347 713 379; x_wconf 86' lang='lat' dir='ltr'>ante</span> <span class='ocrx_word' id='word_1_14' title='bbox 753 343 859 380; x_wconf 90' lang='lat' dir='ltr'>Chri-</span> 
     </span>
     <span class='ocr_line' id='line_1_5' title="bbox 249 390 859 434; baseline 0.003 -8"><span class='ocrx_word' id='word_1_15' title='bbox 249 393 361 434; x_wconf 89' lang='lat' dir='ltr'>stum,</span> <span class='ocrx_word' id='word_1_16' title='bbox 384 390 650 426; x_wconf 83' lang='lat' dir='ltr'>documentum</span> <span class='ocrx_word' id='word_1_17' title='bbox 685 399 728 426; x_wconf 88' lang='lat' dir='ltr'>ex</span> <span class='ocrx_word' id='word_1_18' title='bbox 754 401 798 428; x_wconf 86' lang='lat' dir='ltr'>ea</span> <span class='ocrx_word' id='word_1_19' title='bbox 823 394 859 428; x_wconf 89' lang='lat' dir='ltr'>et</span> 
     </span>
     <span class='ocr_line' id='line_1_6' title="bbox 249 437 384 474; baseline -0.017 0"><span class='ocrx_word' id='word_1_20' title='bbox 249 437 384 474; x_wconf 89' lang='lat' dir='ltr'>oratio.</span> 
     </span>
    </p>

    <p class='ocr_par' dir='ltr' id='par_1_4' title="bbox 207 483 861 578">
     <span class='ocr_line' id='line_1_7' title="bbox 207 483 861 531; baseline 0.003 -10"><span class='ocrx_word' id='word_1_21' title='bbox 207 487 247 521; x_wconf 86' lang='lat'>18</span> <span class='ocrx_word' id='word_1_22' title='bbox 268 484 438 522; x_wconf 88' lang='lat' dir='ltr'>Christus</span> <span class='ocrx_word' id='word_1_23' title='bbox 455 483 579 520; x_wconf 88' lang='lat' dir='ltr'>denuo</span> <span class='ocrx_word' id='word_1_24' title='bbox 597 483 804 531; x_wconf 88' lang='lat' dir='ltr'>alapizatur</span> <span class='ocrx_word' id='word_1_25' title='bbox 823 489 861 523; x_wconf 85' lang='lat' dir='ltr'>et</span> 
     </span>
     <span class='ocr_line' id='line_1_8' title="bbox 249 531 481 584; baseline -0.014 -15"><span class='ocrx_word' id='word_1_26' title='bbox 249 531 481 584; x_wconf 70' lang='lat' dir='ltr'>conspuitur.</span> 
     </span>
    </p>

    <p class='ocr_par' dir='ltr' id='par_1_5' title="bbox 206 577 860 711">
     <span class='ocr_line' id='line_1_9' title="bbox 206 577 859 628; baseline 0 -13"><span class='ocrx_word' id='word_1_27' title='bbox 206 594 248 628; x_wconf 85' lang='lat'>19</span> <span class='ocrx_word' id='word_1_28' title='bbox 269 578 463 615; x_wconf 87' lang='lat' dir='ltr'>Percussio</span> <span class='ocrx_word' id='word_1_29' title='bbox 534 577 667 625; x_wconf 88' lang='lat' dir='ltr'>capitis</span> <span class='ocrx_word' id='word_1_30' title='bbox 723 578 859 616; x_wconf 78' lang='lat' dir='ltr'>Christi</span> 
     </span>
     <span class='ocr_line' id='line_1_10' title="bbox 250 625 860 668; baseline -0.002 -4"><span class='ocrx_word' id='word_1_31' title='bbox 250 637 334 664; x_wconf 89' lang='lat' dir='ltr'>cum</span> <span class='ocrx_word' id='word_1_32' title='bbox 370 625 571 668; x_wconf 89' lang='lat' dir='ltr'>arundine,</span> <span class='ocrx_word' id='word_1_33' title='bbox 592 626 860 663; x_wconf 82' lang='lat' dir='ltr'>documentum</span> 
     </span>
     <span class='ocr_line' id='line_1_11' title="bbox 249 672 570 711; baseline -0.01 0"><span class='ocrx_word' id='word_1_34' title='bbox 249 685 292 711; x_wconf 86' lang='lat' dir='ltr'>ex</span> <span class='ocrx_word' id='word_1_35' title='bbox 312 684 358 710; x_wconf 84' lang='lat' dir='ltr'>ea</span> <span class='ocrx_word' id='word_1_36' title='bbox 378 676 415 709; x_wconf 88' lang='lat' dir='ltr'>et</span> <span class='ocrx_word' id='word_1_37' title='bbox 436 672 570 709; x_wconf 88' lang='lat' dir='ltr'>oratio.</span> 
     </span>
    </p>

    <p class='ocr_par' dir='ltr' id='par_1_6' title="bbox 203 720 859 813">
     <span class='ocr_line' id='line_1_12' title="bbox 203 720 859 759; baseline -0.003 0"><span class='ocrx_word' id='word_1_38' title='bbox 203 736 245 759; x_wconf 83' lang='lat'>20</span> <span class='ocrx_word' id='word_1_39' title='bbox 266 720 471 758; x_wconf 81' lang='lat' dir='ltr'>Dominicae</span> <span class='ocrx_word' id='word_1_40' title='bbox 491 721 746 757; x_wconf 80' lang='lat' dir='ltr'>coronationis</span> <span class='ocrx_word' id='word_1_41' title='bbox 763 723 799 757; x_wconf 87' lang='lat' dir='ltr'>et</span> <span class='ocrx_word' id='word_1_42' title='bbox 816 720 859 756; x_wconf 88' lang='lat' dir='ltr'>il-</span> 
     </span>
     <span class='ocr_line' id='line_1_13' title="bbox 248 767 572 813; baseline -0.006 -8"><span class='ocrx_word' id='word_1_43' title='bbox 248 767 406 805; x_wconf 84' lang='lat' dir='ltr'>lusionis</span> <span class='ocrx_word' id='word_1_44' title='bbox 425 767 572 813; x_wconf 84' lang='lat' dir='ltr'>figurae.</span> 
     </span>
    </p>

    <p class='ocr_par' dir='ltr' id='par_1_7' title="bbox 204 814 860 909">
     <span class='ocr_line' id='line_1_14' title="bbox 204 814 860 862; baseline -0.003 -8"><span class='ocrx_word' id='word_1_45' title='bbox 204 830 243 854; x_wconf 87' lang='lat'>21</span> <span class='ocrx_word' id='word_1_46' title='bbox 269 814 444 862; x_wconf 88' lang='lat' dir='ltr'>Mysteria</span> <span class='ocrx_word' id='word_1_47' title='bbox 469 814 690 852; x_wconf 87' lang='lat' dir='ltr'>illusionum</span> <span class='ocrx_word' id='word_1_48' title='bbox 724 816 860 852; x_wconf 81' lang='lat' dir='ltr'>Christi</span> 
     </span>
     <span class='ocr_line' id='line_1_15' title="bbox 249 862 732 909; baseline -0.002 -9"><span class='ocrx_word' id='word_1_49' title='bbox 249 866 286 900; x_wconf 89' lang='lat' dir='ltr'>et</span> <span class='ocrx_word' id='word_1_50' title='bbox 305 862 494 909; x_wconf 56' lang='lat' dir='ltr'>superbiae</span> <span class='ocrx_word' id='word_1_51' title='bbox 511 863 732 899; x_wconf 78' lang='lat' dir='ltr'>exsecratio.</span> 
     </span>
    </p>

    <p class='ocr_par' dir='ltr' id='par_1_8' title="bbox 203 909 861 994">
     <span class='ocr_line' id='line_1_16' title="bbox 203 909 861 956; baseline -0.003 -8"><span class='ocrx_word' id='word_1_52' title='bbox 203 924 244 948; x_wconf 85' lang='lat'>22</span> <span class='ocrx_word' id='word_1_53' title='bbox 266 909 436 947; x_wconf 89' lang='lat' dir='ltr'>Christus</span> <span class='ocrx_word' id='word_1_54' title='bbox 456 919 582 945; x_wconf 85' lang='lat' dir='ltr'>coram</span> <span class='ocrx_word' id='word_1_55' title='bbox 602 910 737 956; x_wconf 91' lang='lat' dir='ltr'>populo</span> <span class='ocrx_word' id='word_1_56' title='bbox 757 920 779 946; x_wconf 90' lang='lat' dir='ltr'>a</span> <span class='ocrx_word' id='word_1_57' title='bbox 799 909 861 946; x_wconf 90' lang='lat' dir='ltr'>Pi-</span> 
     </span>
     <span class='ocr_line' id='line_1_17' title="bbox 249 957 554 994; baseline -0.01 0"><span class='ocrx_word' id='word_1_58' title='bbox 249 958 324 994; x_wconf 89' lang='lat' dir='ltr'>lato</span> <span class='ocrx_word' id='word_1_59' title='bbox 344 957 554 993; x_wconf 82' lang='lat' dir='ltr'>adducitur.</span> 
     </span>
    </p>

    <p class='ocr_par' dir='ltr' id='par_1_9' title="bbox 204 1002 865 1088">
     <span class='ocr_line' id='line_1_18' title="bbox 204 1002 865 1042; baseline -0.003 0"><span class='ocrx_word' id='word_1_60' title='bbox 204 1009 246 1042; x_wconf 87' lang='lat'>25</span> <span class='ocrx_word' id='word_1_61' title='bbox 262 1006 498 1041; x_wconf 85' lang='lat' dir='ltr'>Documenta</span> <span class='ocrx_word' id='word_1_62' title='bbox 512 1013 555 1039; x_wconf 90' lang='lat' dir='ltr'>ex</span> <span class='ocrx_word' id='word_1_63' title='bbox 569 1002 744 1040; x_wconf 89' lang='lat' dir='ltr'>illusione</span> <span class='ocrx_word' id='word_1_64' title='bbox 762 1003 865 1040; x_wconf 90' lang='lat' dir='ltr'>Chri-</span> 
     </span>
     <span class='ocr_line' id='line_1_19' title="bbox 251 1050 507 1088; baseline -0.012 0"><span class='ocrx_word' id='word_1_65' title='bbox 251 1051 296 1088; x_wconf 87' lang='lat' dir='ltr'>sti</span> <span class='ocrx_word' id='word_1_66' title='bbox 319 1055 356 1088; x_wconf 88' lang='lat' dir='ltr'>et</span> <span class='ocrx_word' id='word_1_67' title='bbox 373 1061 416 1087; x_wconf 91' lang='lat' dir='ltr'>or</span> <span class='ocrx_word' id='word_1_68' title='bbox 419 1050 507 1086; x_wconf 82' lang='lat' dir='ltr'>atio.</span> 
     </span>
    </p>

    <p class='ocr_par' dir='ltr' id='par_1_10' title="bbox 206 1097 863 1277">
     <span class='ocr_line' id='line_1_20' title="bbox 206 1097 863 1144; baseline -0.005 -8"><span class='ocrx_word' id='word_1_69' title='bbox 206 1103 249 1144; x_wconf 78' lang='lat'>24</span> <span class='ocrx_word' id='word_1_70' title='bbox 270 1099 459 1136; x_wconf 78' lang='lat' dir='ltr'>Clamores</span> <span class='ocrx_word' id='word_1_71' title='bbox 478 1097 695 1133; x_wconf 79' lang='lat' dir='ltr'>Judaeorum</span> <span class='ocrx_word' id='word_1_72' title='bbox 712 1098 863 1134; x_wconf 88' lang='lat' dir='ltr'>crucifi-</span> 
     </span>
     <span class='ocr_line' id='line_1_21' title="bbox 245 1143 864 1198; baseline -0.002 -15"><span class='ocrx_word' id='word_1_73' title='bbox 245 1146 394 1184; x_wconf 87' lang='lat' dir='ltr'>xionem</span> <span class='ocrx_word' id='word_1_74' title='bbox 406 1143 555 1180; x_wconf 84' lang='lat' dir='ltr'>Domini</span> <span class='ocrx_word' id='word_1_75' title='bbox 570 1145 789 1198; x_wconf 81' lang='lat' dir='ltr'>petentium,</span> <span class='ocrx_word' id='word_1_76' title='bbox 801 1146 864 1182; x_wconf 91' lang='lat' dir='ltr'>do-</span> 
     </span>
     <span class='ocr_line' id='line_1_22' title="bbox 251 1192 863 1237; baseline -0.002 -7"><span class='ocrx_word' id='word_1_77' title='bbox 251 1195 468 1230; x_wconf 85' lang='lat' dir='ltr'>cumentum</span> <span class='ocrx_word' id='word_1_78' title='bbox 489 1202 532 1228; x_wconf 85' lang='lat' dir='ltr'>ex</span> <span class='ocrx_word' id='word_1_79' title='bbox 553 1192 620 1237; x_wconf 81' lang='lat' dir='ltr'>eis,</span> <span class='ocrx_word' id='word_1_80' title='bbox 643 1196 747 1229; x_wconf 86' lang='lat' dir='ltr'>actus</span> <span class='ocrx_word' id='word_1_81' title='bbox 768 1203 863 1229; x_wconf 90' lang='lat' dir='ltr'>con—</span> 
     </span>
     <span class='ocr_line' id='line_1_23' title="bbox 248 1238 696 1277; baseline -0.004 0"><span class='ocrx_word' id='word_1_82' title='bbox 248 1238 485 1277; x_wconf 79' lang='lat' dir='ltr'>formationis</span> <span class='ocrx_word' id='word_1_83' title='bbox 506 1241 543 1275; x_wconf 89' lang='lat' dir='ltr'>et</span> <span class='ocrx_word' id='word_1_84' title='bbox 562 1239 696 1275; x_wconf 76' lang='lat' dir='ltr'>oratio.</span> 
     </span>
    </p>

    <p class='ocr_par' dir='ltr' id='par_1_11' title="bbox 194 1285 864 1379">
     <span class='ocr_line' id='line_1_24' title="bbox 194 1285 864 1331; baseline -0.001 -6"><span class='ocrx_word' id='word_1_85' title='bbox 194 1291 252 1325; x_wconf 65' lang='lat'>⁴25</span> <span class='ocrx_word' id='word_1_86' title='bbox 274 1288 431 1331; x_wconf 82' lang='lat' dir='ltr'>Pilatus,</span> <span class='ocrx_word' id='word_1_87' title='bbox 454 1285 643 1322; x_wconf 89' lang='lat' dir='ltr'>Christum</span> <span class='ocrx_word' id='word_1_88' title='bbox 674 1285 864 1324; x_wconf 83' lang='lat' dir='ltr'>dimittere</span> 
     </span>
     <span class='ocr_line' id='line_1_25' title="bbox 250 1332 862 1379; baseline -0.002 -8"><span class='ocrx_word' id='word_1_89' title='bbox 250 1335 394 1375; x_wconf 86' lang='lat' dir='ltr'>volens,</span> <span class='ocrx_word' id='word_1_90' title='bbox 409 1344 494 1370; x_wconf 88' lang='lat' dir='ltr'>eum</span> <span class='ocrx_word' id='word_1_91' title='bbox 507 1334 629 1370; x_wconf 91' lang='lat' dir='ltr'>denuo</span> <span class='ocrx_word' id='word_1_92' title='bbox 642 1332 862 1379; x_wconf 78' lang='lat' dir='ltr'>interrogat.</span> 
     </span>
    </p>

    <p class='ocr_par' dir='ltr' id='par_1_12' title="bbox 206 1381 864 1514">
     <span class='ocr_line' id='line_1_26' title="bbox 206 1381 864 1419; baseline -0.002 0"><span class='ocrx_word' id='word_1_93' title='bbox 206 1386 248 1419; x_wconf 82' lang='lat'>26</span> <span class='ocrx_word' id='word_1_94' title='bbox 271 1383 341 1419; x_wconf 87' lang='lat' dir='ltr'>Sed</span> <span class='ocrx_word' id='word_1_95' title='bbox 381 1382 598 1418; x_wconf 84' lang='lat' dir='ltr'>Judaeorum</span> <span class='ocrx_word' id='word_1_96' title='bbox 638 1381 864 1418; x_wconf 75' lang='lat' dir='ltr'>clamoribus</span> 
     </span>
     <span class='ocr_line' id='line_1_27' title="bbox 251 1427 864 1474; baseline -0.003 -8"><span class='ocrx_word' id='word_1_97' title='bbox 251 1428 419 1474; x_wconf 86' lang='lat' dir='ltr'>territus,</span> <span class='ocrx_word' id='word_1_98' title='bbox 439 1439 506 1474; x_wconf 79' lang='lat' dir='ltr'>pro</span> <span class='ocrx_word' id='word_1_99' title='bbox 527 1427 706 1464; x_wconf 76' lang='lat' dir='ltr'>tribunali</span> <span class='ocrx_word' id='word_1_100' title='bbox 719 1429 864 1474; x_wconf 85' lang='lat' dir='ltr'>J&#39;udica·</span> 
     </span>
     <span class='ocr_line' id='line_1_28' title="bbox 253 1476 490 1514; baseline -0.013 0"><span class='ocrx_word' id='word_1_101' title='bbox 253 1480 359 1514; x_wconf 88' lang='lat' dir='ltr'>turus</span> <span class='ocrx_word' id='word_1_102' title='bbox 380 1476 490 1512; x_wconf 91' lang='lat' dir='ltr'>sedit.</span> 
     </span>
    </p>
   </div>
   <div class='ocr_carea' id='block_1_3' title="bbox 205 1522 866 1574">
    <p class='ocr_par' dir='ltr' id='par_1_13' title="bbox 205 1522 866 1574">
     <span class='ocr_line' id='line_1_29' title="bbox 205 1522 866 1574; baseline -0.005 -11"><span class='ocrx_word' id='word_1_103' title='bbox 205 1538 246 1574; x_wconf 79' lang='lat'>27</span> <span class='ocrx_word' id='word_1_104' title='bbox 266 1525 498 1562; x_wconf 86' lang='lat' dir='ltr'>Documenta</span> <span class='ocrx_word' id='word_1_105' title='bbox 517 1523 590 1560; x_wconf 89' lang='lat' dir='ltr'>duo</span> <span class='ocrx_word' id='word_1_106' title='bbox 613 1534 655 1561; x_wconf 81' lang='lat' dir='ltr'>ex</span> <span class='ocrx_word' id='word_1_107' title='bbox 675 1522 866 1561; x_wconf 86' lang='lat' dir='ltr'>adductio-</span> 
     </span>
    </p>
   </div>
   <div class='ocr_carea' id='block_1_4' title="bbox 932 300 975 344">
    <p class='ocr_par' dir='ltr' id='par_1_14' title="bbox 932 300 975 344">
     <span class='ocr_line' id='line_1_30' title="bbox 932 300 975 344; baseline 0 -11"><span class='ocrx_word' id='word_1_108' title='bbox 932 300 975 344; x_wconf 87' lang='lat'>75</span> 
     </span>
    </p>
   </div>
   <div class='ocr_carea' id='block_1_5' title="bbox 935 1243 982 1371">
    <p class='ocr_par' dir='ltr' id='par_1_15' title="bbox 935 1243 982 1371">
     <span class='ocr_line' id='line_1_31' title="bbox 935 1243 979 1276; baseline 0 0"><span class='ocrx_word' id='word_1_109' title='bbox 935 1243 979 1276; x_wconf 85' lang='lat'>80</span> 
     </span>
     <span class='ocr_line' id='line_1_32' title="bbox 938 1337 982 1371; baseline 0.023 -1"><span class='ocrx_word' id='word_1_110' title='bbox 938 1337 982 1371; x_wconf 84' lang='lat'>80</span> 
     </span>
    </p>
   </div>
   <div class='ocr_carea' id='block_1_6' title="bbox 938 1480 980 1513">
    <p class='ocr_par' dir='ltr' id='par_1_16' title="bbox 938 1480 980 1513">
     <span class='ocr_line' id='line_1_33' title="bbox 938 1480 980 1513; baseline 0 0"><span class='ocrx_word' id='word_1_111' title='bbox 938 1480 980 1513; x_wconf 86' lang='lat'>82</span> 
     </span>
    </p>
   </div>
   <div class='ocr_carea' id='block_1_7' title="bbox 839 180 1194 216">
    <p class='ocr_par' dir='ltr' id='par_1_17' title="bbox 839 180 1194 216">
     <span class='ocr_line' id='line_1_34' title="bbox 839 180 1194 216; baseline -0.003 0"><span class='ocrx_word' id='word_1_112' title='bbox 839 181 969 216; x_wconf 84' lang='lat' dir='ltr'><strong>INDEX</strong></span> <span class='ocrx_word' id='word_1_113' title='bbox 1008 180 1104 216; x_wconf 86' lang='lat' dir='ltr'>GAPl</span> <span class='ocrx_word' id='word_1_114' title='bbox 1112 181 1194 215; x_wconf 85' lang='lat' dir='ltr'>rUM</span> 
     </span>
    </p>
   </div>
   <div class='ocr_carea' id='block_1_8' title="bbox 1050 245 1712 1571">
    <p class='ocr_par' dir='ltr' id='par_1_18' title="bbox 1089 245 1704 333">
     <span class='ocr_line' id='line_1_35' title="bbox 1099 245 1704 295; baseline 0.005 -12"><span class='ocrx_word' id='word_1_115' title='bbox 1099 259 1142 283; x_wconf 83' lang='lat' dir='ltr'>ue</span> <span class='ocrx_word' id='word_1_116' title='bbox 1160 245 1297 284; x_wconf 87' lang='lat' dir='ltr'>Christi</span> <span class='ocrx_word' id='word_1_117' title='bbox 1322 246 1370 284; x_wconf 89' lang='lat' dir='ltr'>ad</span> <span class='ocrx_word' id='word_1_118' title='bbox 1393 247 1504 284; x_wconf 85' lang='lat' dir='ltr'>Pilati</span> <span class='ocrx_word' id='word_1_119' title='bbox 1526 248 1704 295; x_wconf 88' lang='lat' dir='ltr'>tribunal,</span> 
     </span>
     <span class='ocr_line' id='line_1_36' title="bbox 1089 277 1704 333; baseline 0.003 -2"><span class='ocrx_word' id='word_1_120' title='bbox 1089 277 1704 333; x_wconf 80' lang='lat' dir='ltr'>actuseonformationisetoratIO.</span> 
     </span>
    </p>

    <p class='ocr_par' dir='ltr' id='par_1_19' title="bbox 1051 340 1704 424">
     <span class='ocr_line' id='line_1_37' title="bbox 1051 340 1704 380; baseline 0.003 -2"><span class='ocrx_word' id='word_1_121' title='bbox 1051 345 1093 378; x_wconf 81' lang='lat'>28</span> <span class='ocrx_word' id='word_1_122' title='bbox 1116 340 1282 377; x_wconf 88' lang='lat' dir='ltr'>Christus</span> <span class='ocrx_word' id='word_1_123' title='bbox 1317 342 1520 378; x_wconf 87' lang='lat' dir='ltr'>damnatur</span> <span class='ocrx_word' id='word_1_124' title='bbox 1545 344 1592 379; x_wconf 88' lang='lat' dir='ltr'>ad</span> <span class='ocrx_word' id='word_1_125' title='bbox 1619 354 1704 380; x_wconf 86' lang='lat' dir='ltr'>cru-</span> 
     </span>
     <span class='ocr_line' id='line_1_38' title="bbox 1096 399 1189 424; baseline 0 0"><span class='ocrx_word' id='word_1_126' title='bbox 1096 399 1189 424; x_wconf 89' lang='lat' dir='ltr'>cem.</span> 
     </span>
    </p>

    <p class='ocr_par' dir='ltr' id='par_1_20' title="bbox 1050 435 1703 567">
     <span class='ocr_line' id='line_1_39' title="bbox 1050 435 1703 484; baseline 0.002 -11"><span class='ocrx_word' id='word_1_127' title='bbox 1050 450 1093 484; x_wconf 83' lang='lat'>29</span> <span class='ocrx_word' id='word_1_128' title='bbox 1111 437 1385 473; x_wconf 83' lang='lat' dir='ltr'>Documentum</span> <span class='ocrx_word' id='word_1_129' title='bbox 1403 447 1446 472; x_wconf 84' lang='lat' dir='ltr'>ex</span> <span class='ocrx_word' id='word_1_130' title='bbox 1464 435 1601 473; x_wconf 89' lang='lat' dir='ltr'>Christi</span> <span class='ocrx_word' id='word_1_131' title='bbox 1618 448 1703 475; x_wconf 89' lang='lat' dir='ltr'>con-</span> 
     </span>
     <span class='ocr_line' id='line_1_40' title="bbox 1097 482 1707 536; baseline 0.007 -18"><span class='ocrx_word' id='word_1_132' title='bbox 1097 482 1350 536; x_wconf 89' lang='lat' dir='ltr'>demnatione,</span> <span class='ocrx_word' id='word_1_133' title='bbox 1376 487 1480 520; x_wconf 87' lang='lat' dir='ltr'>actus</span> <span class='ocrx_word' id='word_1_134' title='bbox 1499 484 1707 522; x_wconf 86' lang='lat' dir='ltr'>conforma-</span> 
     </span>
     <span class='ocr_line' id='line_1_41' title="bbox 1096 529 1433 567; baseline 0.006 -2"><span class='ocrx_word' id='word_1_135' title='bbox 1096 529 1212 566; x_wconf 89' lang='lat' dir='ltr'>tionis</span> <span class='ocrx_word' id='word_1_136' title='bbox 1233 533 1270 566; x_wconf 88' lang='lat' dir='ltr'>et</span> <span class='ocrx_word' id='word_1_137' title='bbox 1297 530 1433 567; x_wconf 90' lang='lat' dir='ltr'>oratio.</span> 
     </span>
    </p>

    <p class='ocr_par' dir='ltr' id='par_1_21' title="bbox 1050 577 1704 660">
     <span class='ocr_line' id='line_1_42' title="bbox 1050 577 1704 624; baseline 0.008 -12"><span class='ocrx_word' id='word_1_138' title='bbox 1050 579 1094 613; x_wconf 88' lang='lat'>50</span> <span class='ocrx_word' id='word_1_139' title='bbox 1117 577 1213 613; x_wconf 82' lang='lat' dir='ltr'>Crux</span> <span class='ocrx_word' id='word_1_140' title='bbox 1234 577 1444 624; x_wconf 89' lang='lat' dir='ltr'>imponitur</span> <span class='ocrx_word' id='word_1_141' title='bbox 1472 577 1612 616; x_wconf 88' lang='lat' dir='ltr'>Christi</span> <span class='ocrx_word' id='word_1_142' title='bbox 1633 580 1704 617; x_wconf 90' lang='lat' dir='ltr'>hu-</span> 
     </span>
     <span class='ocr_line' id='line_1_43' title="bbox 1100 624 1230 660; baseline 0 0"><span class='ocrx_word' id='word_1_143' title='bbox 1100 624 1230 660; x_wconf 87' lang='lat' dir='ltr'>meris.</span> 
     </span>
    </p>

    <p class='ocr_par' dir='ltr' id='par_1_22' title="bbox 1050 671 1684 726">
     <span class='ocr_line' id='line_1_44' title="bbox 1050 671 1684 726; baseline 0.006 -20"><span class='ocrx_word' id='word_1_144' title='bbox 1050 674 1090 707; x_wconf 82' lang='lat'>51</span> <span class='ocrx_word' id='word_1_145' title='bbox 1117 671 1261 717; x_wconf 82' lang='lat' dir='ltr'>Figurae</span> <span class='ocrx_word' id='word_1_146' title='bbox 1281 671 1527 726; x_wconf 85' lang='lat' dir='ltr'>bajulationis</span> <span class='ocrx_word' id='word_1_147' title='bbox 1550 684 1684 710; x_wconf 78' lang='lat' dir='ltr'>crums.</span> 
     </span>
    </p>

    <p class='ocr_par' dir='ltr' id='par_1_23' title="bbox 1051 718 1707 860">
     <span class='ocr_line' id='line_1_45' title="bbox 1051 718 1706 765; baseline 0.003 -10"><span class='ocrx_word' id='word_1_148' title='bbox 1051 722 1094 755; x_wconf 89' lang='lat'>52</span> <span class='ocrx_word' id='word_1_149' title='bbox 1117 718 1285 756; x_wconf 88' lang='lat' dir='ltr'>Christus</span> <span class='ocrx_word' id='word_1_150' title='bbox 1307 721 1354 755; x_wconf 86' lang='lat' dir='ltr'>ad</span> <span class='ocrx_word' id='word_1_151' title='bbox 1382 719 1605 765; x_wconf 74' lang='lat' dir='ltr'>supplicium</span> <span class='ocrx_word' id='word_1_152' title='bbox 1640 732 1706 757; x_wconf 86' lang='lat' dir='ltr'>ex-</span> 
     </span>
     <span class='ocr_line' id='line_1_46' title="bbox 1097 765 1707 814; baseline 0.005 -13"><span class='ocrx_word' id='word_1_153' title='bbox 1097 768 1157 802; x_wconf 85' lang='lat' dir='ltr'>tra</span> <span class='ocrx_word' id='word_1_154' title='bbox 1172 765 1360 803; x_wconf 85' lang='lat' dir='ltr'>civitatem</span> <span class='ocrx_word' id='word_1_155' title='bbox 1376 767 1552 814; x_wconf 86' lang='lat' dir='ltr'>trahitur,</span> <span class='ocrx_word' id='word_1_156' title='bbox 1568 767 1707 814; x_wconf 88' lang='lat' dir='ltr'>triplici</span> 
     </span>
     <span class='ocr_line' id='line_1_47' title="bbox 1098 813 1526 860; baseline 0.007 -12"><span class='ocrx_word' id='word_1_157' title='bbox 1098 813 1210 849; x_wconf 77' lang='lat' dir='ltr'>turba</span> <span class='ocrx_word' id='word_1_158' title='bbox 1228 824 1312 849; x_wconf 90' lang='lat' dir='ltr'>eum</span> <span class='ocrx_word' id='word_1_159' title='bbox 1332 817 1526 860; x_wconf 87' lang='lat' dir='ltr'>sequente.</span> 
     </span>
    </p>

    <p class='ocr_par' dir='ltr' id='par_1_24' title="bbox 1052 859 1527 898">
     <span class='ocr_line' id='line_1_48' title="bbox 1052 859 1527 898; baseline 0.006 -3"><span class='ocrx_word' id='word_1_160' title='bbox 1052 863 1095 896; x_wconf 88' lang='lat'>55</span> <span class='ocrx_word' id='word_1_161' title='bbox 1123 861 1163 895; x_wconf 90' lang='lat' dir='ltr'>B.</span> <span class='ocrx_word' id='word_1_162' title='bbox 1186 859 1312 897; x_wconf 81' lang='lat' dir='ltr'>Mariae</span> <span class='ocrx_word' id='word_1_163' title='bbox 1336 871 1527 898; x_wconf 62' lang='lat' dir='ltr'>occursus</span> 
     </span>
    </p>

    <p class='ocr_par' dir='ltr' id='par_1_25' title="bbox 1052 908 1712 1048">
     <span class='ocr_line' id='line_1_49' title="bbox 1052 908 1712 953; baseline 0.008 -10"><span class='ocrx_word' id='word_1_164' title='bbox 1052 910 1097 951; x_wconf 93' lang='grc'>54</span> <span class='ocrx_word' id='word_1_165' title='bbox 1120 908 1314 953; x_wconf 87' lang='lat' dir='ltr'>Respectio</span> <span class='ocrx_word' id='word_1_166' title='bbox 1351 908 1501 944; x_wconf 86' lang='lat' dir='ltr'>Domini</span> <span class='ocrx_word' id='word_1_167' title='bbox 1534 909 1575 946; x_wconf 89' lang='lat' dir='ltr'>in</span> <span class='ocrx_word' id='word_1_168' title='bbox 1612 909 1712 948; x_wconf 87' lang='lat' dir='ltr'>filias</span> 
     </span>
     <span class='ocr_line' id='line_1_50' title="bbox 1099 954 1712 999; baseline 0.01 -9"><span class='ocrx_word' id='word_1_169' title='bbox 1099 954 1320 999; x_wconf 86' lang='lat' dir='ltr'>Jerusalem,</span> <span class='ocrx_word' id='word_1_170' title='bbox 1344 958 1381 991; x_wconf 90' lang='lat' dir='ltr'>et</span> <span class='ocrx_word' id='word_1_171' title='bbox 1401 956 1515 992; x_wconf 82' lang='lat' dir='ltr'>verba</span> <span class='ocrx_word' id='word_1_172' title='bbox 1540 960 1631 994; x_wconf 89' lang='lat' dir='ltr'>tunc</span> <span class='ocrx_word' id='word_1_173' title='bbox 1664 958 1712 995; x_wconf 86' lang='lat' dir='ltr'>ab</span> 
     </span>
     <span class='ocr_line' id='line_1_51' title="bbox 1101 1000 1367 1048; baseline 0.008 -11"><span class='ocrx_word' id='word_1_174' title='bbox 1101 1000 1182 1048; x_wconf 87' lang='lat' dir='ltr'>ipso</span> <span class='ocrx_word' id='word_1_175' title='bbox 1208 1002 1367 1048; x_wconf 75' lang='lat' dir='ltr'>prolata.</span> 
     </span>
    </p>

    <p class='ocr_par' dir='ltr' id='par_1_26' title="bbox 1053 1049 1711 1143">
     <span class='ocr_line' id='line_1_52' title="bbox 1053 1049 1711 1096; baseline 0.009 -12"><span class='ocrx_word' id='word_1_176' title='bbox 1053 1051 1096 1085; x_wconf 89' lang='lat'>55</span> <span class='ocrx_word' id='word_1_177' title='bbox 1117 1050 1190 1085; x_wconf 87' lang='lat' dir='ltr'>Cur</span> <span class='ocrx_word' id='word_1_178' title='bbox 1209 1049 1335 1085; x_wconf 86' lang='lat' dir='ltr'>Simon</span> <span class='ocrx_word' id='word_1_179' title='bbox 1348 1050 1547 1096; x_wconf 88' lang='lat' dir='ltr'>Cyrenaeus</span> <span class='ocrx_word' id='word_1_180' title='bbox 1562 1062 1711 1090; x_wconf 87' lang='lat' dir='ltr'>crucem</span> 
     </span>
     <span class='ocr_line' id='line_1_53' title="bbox 1101 1098 1594 1143; baseline 0.01 -12"><span class='ocrx_word' id='word_1_181' title='bbox 1101 1099 1252 1143; x_wconf 83' lang='lat' dir='ltr'>portare</span> <span class='ocrx_word' id='word_1_182' title='bbox 1279 1107 1306 1132; x_wconf 90' lang='lat' dir='ltr'>c</span> <span class='ocrx_word' id='word_1_183' title='bbox 1314 1100 1428 1134; x_wconf 68' lang='lat' dir='ltr'>»actus</span> <span class='ocrx_word' id='word_1_184' title='bbox 1448 1098 1588 1136; x_wconf 88' lang='lat' dir='ltr'>fuerit.</span> <span class='ocrx_word' id='word_1_185' title='bbox 1575 1100 1594 1127; x_wconf 73' lang='lat'>⁶?</span> 
     </span>
    </p>

    <p class='ocr_par' dir='ltr' id='par_1_27' title="bbox 1053 1145 1709 1276">
     <span class='ocr_line' id='line_1_54' title="bbox 1053 1145 1709 1194; baseline 0.008 -15"><span class='ocrx_word' id='word_1_186' title='bbox 1053 1146 1098 1179; x_wconf 86' lang='lat'>56</span> <span class='ocrx_word' id='word_1_187' title='bbox 1122 1145 1350 1180; x_wconf 86' lang='lat' dir='ltr'>Documenta</span> <span class='ocrx_word' id='word_1_188' title='bbox 1376 1145 1448 1181; x_wconf 89' lang='lat' dir='ltr'>duo</span> <span class='ocrx_word' id='word_1_189' title='bbox 1484 1157 1527 1183; x_wconf 84' lang='lat' dir='ltr'>ex</span> <span class='ocrx_word' id='word_1_190' title='bbox 1562 1147 1709 1194; x_wconf 87' lang='lat' dir='ltr'>bajula-</span> 
     </span>
     <span class='ocr_line' id='line_1_55' title="bbox 1100 1190 1712 1237; baseline 0.01 -11"><span class='ocrx_word' id='word_1_191' title='bbox 1100 1190 1203 1227; x_wconf 90' lang='lat' dir='ltr'>tione</span> <span class='ocrx_word' id='word_1_192' title='bbox 1224 1191 1357 1237; x_wconf 80' lang='lat' dir='ltr'>cineis,</span> <span class='ocrx_word' id='word_1_193' title='bbox 1377 1195 1482 1230; x_wconf 88' lang='lat' dir='ltr'>actus</span> <span class='ocrx_word' id='word_1_194' title='bbox 1504 1195 1712 1232; x_wconf 84' lang='lat' dir='ltr'>conforma-</span> 
     </span>
     <span class='ocr_line' id='line_1_56' title="bbox 1100 1237 1430 1276; baseline 0.006 -3"><span class='ocrx_word' id='word_1_195' title='bbox 1100 1237 1213 1274; x_wconf 86' lang='lat' dir='ltr'>tionis</span> <span class='ocrx_word' id='word_1_196' title='bbox 1237 1243 1274 1274; x_wconf 86' lang='lat' dir='ltr'>et</span> <span class='ocrx_word' id='word_1_197' title='bbox 1298 1239 1430 1276; x_wconf 84' lang='lat' dir='ltr'>oratio.</span> 
     </span>
    </p>

    <p class='ocr_par' dir='ltr' id='par_1_28' title="bbox 1054 1286 1676 1333">
     <span class='ocr_line' id='line_1_57' title="bbox 1054 1286 1676 1333; baseline 0.003 -13"><span class='ocrx_word' id='word_1_198' title='bbox 1054 1287 1097 1330; x_wconf 89' lang='lat'>57</span> <span class='ocrx_word' id='word_1_199' title='bbox 1119 1286 1174 1328; x_wconf 84' lang='lat' dir='ltr'>Qu</span> <span class='ocrx_word' id='word_1_200' title='bbox 1178 1290 1288 1321; x_wconf 75' lang='lat' dir='ltr'>ttuor</span> <span class='ocrx_word' id='word_1_201' title='bbox 1307 1297 1455 1323; x_wconf 85' lang='lat' dir='ltr'>crucem</span> <span class='ocrx_word' id='word_1_202' title='bbox 1469 1291 1676 1333; x_wconf 83' lang='lat' dir='ltr'>portantes.</span> 
     </span>
    </p>

    <p class='ocr_par' dir='ltr' id='par_1_29' title="bbox 1055 1331 1712 1467">
     <span class='ocr_line' id='line_1_58' title="bbox 1055 1331 1712 1373; baseline 0.009 -6"><span class='ocrx_word' id='word_1_203' title='bbox 1055 1335 1099 1368; x_wconf 86' lang='lat'>58</span> <span class='ocrx_word' id='word_1_204' title='bbox 1122 1331 1252 1368; x_wconf 87' lang='lat' dir='ltr'>Ductio</span> <span class='ocrx_word' id='word_1_205' title='bbox 1280 1333 1417 1369; x_wconf 87' lang='lat' dir='ltr'>Christi</span> <span class='ocrx_word' id='word_1_206' title='bbox 1445 1335 1493 1370; x_wconf 90' lang='lat' dir='ltr'>ad</span> <span class='ocrx_word' id='word_1_207' title='bbox 1531 1336 1712 1373; x_wconf 85' lang='lat' dir='ltr'>Calvariae</span> 
     </span>
     <span class='ocr_line' id='line_1_59' title="bbox 1102 1380 1711 1430; baseline 0.008 -15"><span class='ocrx_word' id='word_1_208' title='bbox 1102 1380 1237 1423; x_wconf 86' lang='lat' dir='ltr'>locum</span> <span class='ocrx_word' id='word_1_209' title='bbox 1249 1380 1473 1418; x_wconf 86' lang='lat' dir='ltr'>documenta</span> <span class='ocrx_word' id='word_1_210' title='bbox 1491 1382 1563 1419; x_wconf 90' lang='lat' dir='ltr'>tria</span> <span class='ocrx_word' id='word_1_211' title='bbox 1589 1394 1633 1419; x_wconf 88' lang='lat' dir='ltr'>ex</span> <span class='ocrx_word' id='word_1_212' title='bbox 1653 1394 1711 1430; x_wconf 87' lang='lat' dir='ltr'>ea,</span> 
     </span>
     <span class='ocr_line' id='line_1_60' title="bbox 1101 1411 1711 1467; baseline 0.008 -6"><span class='ocrx_word' id='word_1_213' title='bbox 1101 1430 1205 1462; x_wconf 88' lang='lat' dir='ltr'>actus</span> <span class='ocrx_word' id='word_1_214' title='bbox 1216 1428 1522 1465; x_wconf 85' lang='lat' dir='ltr'>cont01mationis</span> <span class='ocrx_word' id='word_1_215' title='bbox 1531 1411 1711 1467; x_wconf 90' lang='lat' dir='ltr'>etoratio.</span> 
     </span>
    </p>

    <p class='ocr_par' dir='ltr' id='par_1_30' title="bbox 1054 1475 1712 1568">
     <span class='ocr_line' id='line_1_61' title="bbox 1054 1475 1712 1524; baseline 0.006 -13"><span class='ocrx_word' id='word_1_216' title='bbox 1054 1478 1099 1523; x_wconf 85' lang='lat'>59</span> <span class='ocrx_word' id='word_1_217' title='bbox 1121 1475 1268 1517; x_wconf 87' lang='lat' dir='ltr'>Quanta</span> <span class='ocrx_word' id='word_1_218' title='bbox 1296 1485 1425 1520; x_wconf 83' lang='lat' dir='ltr'>passus</span> <span class='ocrx_word' id='word_1_219' title='bbox 1450 1479 1505 1512; x_wconf 88' lang='lat' dir='ltr'>est</span> <span class='ocrx_word' id='word_1_220' title='bbox 1529 1477 1712 1524; x_wconf 87' lang='lat' dir='ltr'>Christus,</span> 
     </span>
     <span class='ocr_line' id='line_1_62' title="bbox 1102 1523 1638 1571; baseline 0.01 -14"><span class='ocrx_word' id='word_1_221' title='bbox 1102 1526 1304 1568; x_wconf 88' lang='lat' dir='ltr'>antequam</span> <span class='ocrx_word' id='word_1_222' title='bbox 1341 1523 1638 1571; x_wconf 84' lang='lat' dir='ltr'>crucifigeretur</span> 
     </span>
    </p>
   </div>
   <div class='ocr_carea' id='block_1_9' title="bbox 512 1676 1516 1726">
    <p class='ocr_par' dir='ltr' id='par_1_31' title="bbox 512 1676 1516 1726">
     <span class='ocr_line' id='line_1_63' title="bbox 512 1676 1516 1726; baseline 0.002 -11"><span class='ocrx_word' id='word_1_223' title='bbox 512 1676 663 1715; x_wconf 90' lang='lat' dir='ltr'>CAPUT</span> <span class='ocrx_word' id='word_1_224' title='bbox 683 1679 805 1715; x_wconf 81' lang='lat' dir='ltr'><strong>LXIII.</strong></span> <span class='ocrx_word' id='word_1_225' title='bbox 828 1698 874 1706; x_wconf 93' lang='lat'>—</span> <span class='ocrx_word' id='word_1_226' title='bbox 890 1681 941 1716; x_wconf 83' lang='lat' dir='ltr'>De</span> <span class='ocrx_word' id='word_1_227' title='bbox 960 1681 1090 1726; x_wconf 68' lang='lat' dir='ltr'>Semta,</span> <span class='ocrx_word' id='word_1_228' title='bbox 1107 1679 1148 1715; x_wconf 84' lang='lat' dir='ltr'>in</span> <span class='ocrx_word' id='word_1_229' title='bbox 1164 1678 1337 1714; x_wconf 70' lang='lat' dir='ltr'>passione</span> <span class='ocrx_word' id='word_1_230' title='bbox 1355 1679 1516 1718; x_wconf 51' lang='lat' dir='ltr'>Domini„</span> 
     </span>
    </p>
   </div>
   <div class='ocr_carea' id='block_1_10' title="bbox 196 1802 865 2832">
    <p class='ocr_par' dir='ltr' id='par_1_32' title="bbox 234 1802 865 1944">
     <span class='ocr_line' id='line_1_64' title="bbox 234 1802 863 1850; baseline -0.003 -10"><span class='ocrx_word' id='word_1_231' title='bbox 234 1818 246 1840; x_wconf 85' lang='lat'>1</span> <span class='ocrx_word' id='word_1_232' title='bbox 272 1805 346 1840; x_wconf 89' lang='lat' dir='ltr'>Cur</span> <span class='ocrx_word' id='word_1_233' title='bbox 377 1814 480 1840; x_wconf 88' lang='lat' dir='ltr'>mors</span> <span class='ocrx_word' id='word_1_234' title='bbox 520 1802 659 1840; x_wconf 90' lang='lat' dir='ltr'>Christi</span> <span class='ocrx_word' id='word_1_235' title='bbox 693 1802 863 1850; x_wconf 84' lang='lat' dir='ltr'>turpissi-</span> 
     </span>
     <span class='ocr_line' id='line_1_65' title="bbox 253 1850 865 1896; baseline -0.002 -9"><span class='ocrx_word' id='word_1_236' title='bbox 253 1862 328 1896; x_wconf 90' lang='lat' dir='ltr'>ma,</span> <span class='ocrx_word' id='word_1_237' title='bbox 349 1854 386 1887; x_wconf 89' lang='lat' dir='ltr'>et</span> <span class='ocrx_word' id='word_1_238' title='bbox 411 1861 529 1896; x_wconf 85' lang='lat' dir='ltr'>quare</span> <span class='ocrx_word' id='word_1_239' title='bbox 550 1861 633 1887; x_wconf 90' lang='lat' dir='ltr'>eam</span> <span class='ocrx_word' id='word_1_240' title='bbox 654 1853 758 1886; x_wconf 83' lang='lat' dir='ltr'>extra</span> <span class='ocrx_word' id='word_1_241' title='bbox 780 1850 865 1886; x_wconf 87' lang='lat' dir='ltr'>civi-</span> 
     </span>
     <span class='ocr_line' id='line_1_66' title="bbox 250 1897 668 1944; baseline 0 -11"><span class='ocrx_word' id='word_1_242' title='bbox 250 1900 365 1934; x_wconf 87' lang='lat' dir='ltr'>tatem</span> <span class='ocrx_word' id='word_1_243' title='bbox 386 1897 461 1944; x_wconf 88' lang='lat' dir='ltr'>pati</span> <span class='ocrx_word' id='word_1_244' title='bbox 482 1897 668 1934; x_wconf 78' lang='lat' dir='ltr'>voluerit?</span> 
     </span>
    </p>

    <p class='ocr_par' dir='ltr' id='par_1_33' title="bbox 228 1944 863 2029">
     <span class='ocr_line' id='line_1_67' title="bbox 228 1944 863 1982; baseline -0.002 -1"><span class='ocrx_word' id='word_1_245' title='bbox 228 1958 247 1982; x_wconf 81' lang='lat'><em>2</em></span> <span class='ocrx_word' id='word_1_246' title='bbox 267 1946 373 1981; x_wconf 88' lang='lat' dir='ltr'>Mons</span> <span class='ocrx_word' id='word_1_247' title='bbox 388 1944 568 1981; x_wconf 84' lang='lat' dir='ltr'>Calvariae</span> <span class='ocrx_word' id='word_1_248' title='bbox 585 1948 622 1981; x_wconf 87' lang='lat' dir='ltr'>et</span> <span class='ocrx_word' id='word_1_249' title='bbox 638 1945 793 1981; x_wconf 83' lang='lat' dir='ltr'>ecelesia</span> <span class='ocrx_word' id='word_1_250' title='bbox 811 1944 863 1980; x_wconf 87' lang='lat' dir='ltr'>ibi</span> 
     </span>
     <span class='ocr_line' id='line_1_68' title="bbox 251 1993 450 2029; baseline -0.01 0"><span class='ocrx_word' id='word_1_251' title='bbox 251 1993 450 2029; x_wconf 82' lang='lat' dir='ltr'>aedificata.</span> 
     </span>
    </p>

    <p class='ocr_par' dir='ltr' id='par_1_34' title="bbox 227 2038 860 2123">
     <span class='ocr_line' id='line_1_69' title="bbox 227 2038 860 2076; baseline -0.002 0"><span class='ocrx_word' id='word_1_252' title='bbox 227 2042 247 2076; x_wconf 89' lang='lat'>5</span> <span class='ocrx_word' id='word_1_253' title='bbox 270 2041 386 2076; x_wconf 91' lang='lat' dir='ltr'>Datur</span> <span class='ocrx_word' id='word_1_254' title='bbox 420 2038 567 2075; x_wconf 88' lang='lat' dir='ltr'>Christo</span> <span class='ocrx_word' id='word_1_255' title='bbox 604 2039 734 2075; x_wconf 84' lang='lat' dir='ltr'>vinum</span> <span class='ocrx_word' id='word_1_256' title='bbox 776 2049 860 2075; x_wconf 90' lang='lat' dir='ltr'>cum</span> 
     </span>
     <span class='ocr_line' id='line_1_70' title="bbox 250 2086 521 2123; baseline 0 -1"><span class='ocrx_word' id='word_1_257' title='bbox 250 2086 335 2123; x_wconf 84' lang='lat' dir='ltr'>felle</span> <span class='ocrx_word' id='word_1_258' title='bbox 353 2088 521 2123; x_wconf 80' lang='lat' dir='ltr'>mixtum.</span> 
     </span>
    </p>

    <p class='ocr_par' dir='ltr' id='par_1_35' title="bbox 225 2133 859 2264">
     <span class='ocr_line' id='line_1_71' title="bbox 225 2133 859 2180; baseline 0 -10"><span class='ocrx_word' id='word_1_259' title='bbox 225 2137 246 2177; x_wconf 96' lang='grc'>4</span> <span class='ocrx_word' id='word_1_260' title='bbox 271 2134 449 2180; x_wconf 81' lang='lat' dir='ltr'>Spoliatio</span> <span class='ocrx_word' id='word_1_261' title='bbox 478 2133 614 2170; x_wconf 77' lang='lat' dir='ltr'>Christi</span> <span class='ocrx_word' id='word_1_262' title='bbox 650 2136 737 2169; x_wconf 89' lang='lat' dir='ltr'>ante</span> <span class='ocrx_word' id='word_1_263' title='bbox 774 2145 859 2170; x_wconf 87' lang='lat' dir='ltr'>cru-</span> 
     </span>
     <span class='ocr_line' id='line_1_72' title="bbox 250 2182 859 2223; baseline 0 -6"><span class='ocrx_word' id='word_1_264' title='bbox 250 2192 345 2223; x_wconf 80' lang='lat' dir='ltr'>cem,</span> <span class='ocrx_word' id='word_1_265' title='bbox 366 2182 591 2217; x_wconf 88' lang='lat' dir='ltr'>documenta</span> <span class='ocrx_word' id='word_1_266' title='bbox 611 2191 653 2216; x_wconf 87' lang='lat' dir='ltr'>ex</span> <span class='ocrx_word' id='word_1_267' title='bbox 672 2192 729 2223; x_wconf 87' lang='lat' dir='ltr'>ea,</span> <span class='ocrx_word' id='word_1_268' title='bbox 752 2186 859 2218; x_wconf 85' lang='lat' dir='ltr'>actus</span> 
     </span>
     <span class='ocr_line' id='line_1_73' title="bbox 249 2228 768 2264; baseline -0.002 0"><span class='ocrx_word' id='word_1_269' title='bbox 249 2228 557 2264; x_wconf 81' lang='lat' dir='ltr'>conformationis</span> <span class='ocrx_word' id='word_1_270' title='bbox 577 2230 612 2264; x_wconf 87' lang='lat' dir='ltr'>et</span> <span class='ocrx_word' id='word_1_271' title='bbox 634 2228 768 2264; x_wconf 89' lang='lat' dir='ltr'>oratio.</span> 
     </span>
    </p>

    <p class='ocr_par' dir='ltr' id='par_1_36' title="bbox 226 2275 858 2406">
     <span class='ocr_line' id='line_1_74' title="bbox 226 2275 856 2321; baseline 0.002 -10"><span class='ocrx_word' id='word_1_272' title='bbox 226 2279 245 2311; x_wconf 85' lang='lat'>5</span> <span class='ocrx_word' id='word_1_273' title='bbox 270 2276 440 2311; x_wconf 82' lang='lat' dir='ltr'>Extensio</span> <span class='ocrx_word' id='word_1_274' title='bbox 481 2275 616 2311; x_wconf 77' lang='lat' dir='ltr'>Christi</span> <span class='ocrx_word' id='word_1_275' title='bbox 657 2276 695 2311; x_wconf 86' lang='lat' dir='ltr'>in</span> <span class='ocrx_word' id='word_1_276' title='bbox 735 2286 856 2321; x_wconf 87' lang='lat' dir='ltr'>cruce,</span> 
     </span>
     <span class='ocr_line' id='line_1_75' title="bbox 250 2323 858 2364; baseline 0 -5"><span class='ocrx_word' id='word_1_277' title='bbox 250 2323 474 2359; x_wconf 83' lang='lat' dir='ltr'>documenta</span> <span class='ocrx_word' id='word_1_278' title='bbox 504 2323 575 2358; x_wconf 86' lang='lat' dir='ltr'>duo</span> <span class='ocrx_word' id='word_1_279' title='bbox 606 2333 648 2358; x_wconf 85' lang='lat' dir='ltr'>ex</span> <span class='ocrx_word' id='word_1_280' title='bbox 676 2333 732 2364; x_wconf 76' lang='lat' dir='ltr'>ea,</span> <span class='ocrx_word' id='word_1_281' title='bbox 756 2326 858 2359; x_wconf 71' lang='lat' dir='ltr'>actus</span> 
     </span>
     <span class='ocr_line' id='line_1_76' title="bbox 251 2370 770 2406; baseline 0 0"><span class='ocrx_word' id='word_1_282' title='bbox 251 2370 556 2406; x_wconf 76' lang='lat' dir='ltr'>conformationis</span> <span class='ocrx_word' id='word_1_283' title='bbox 578 2373 615 2405; x_wconf 89' lang='lat' dir='ltr'>et</span> <span class='ocrx_word' id='word_1_284' title='bbox 637 2370 770 2406; x_wconf 88' lang='lat' dir='ltr'>oratio.</span> 
     </span>
    </p>

    <p class='ocr_par' dir='ltr' id='par_1_37' title="bbox 228 2416 860 2461">
     <span class='ocr_line' id='line_1_77' title="bbox 228 2416 860 2461; baseline 0.002 -9"><span class='ocrx_word' id='word_1_285' title='bbox 228 2420 248 2452; x_wconf 90' lang='grc'><strong>6</strong></span> <span class='ocrx_word' id='word_1_286' title='bbox 269 2417 463 2453; x_wconf 74' lang='lat' dir='ltr'>Crucifixio</span> <span class='ocrx_word' id='word_1_287' title='bbox 486 2416 637 2461; x_wconf 76' lang='lat' dir='ltr'>Christi,</span> <span class='ocrx_word' id='word_1_288' title='bbox 660 2418 860 2454; x_wconf 82' lang='lat' dir='ltr'>documen-</span> 
     </span>
    </p>

    <p class='ocr_par' dir='ltr' id='par_1_38' title="bbox 196 2464 668 2500">
     <span class='ocr_line' id='line_1_78' title="bbox 196 2464 668 2500; baseline 0.004 -3"><span class='ocrx_word' id='word_1_289' title='bbox 196 2494 199 2497; x_wconf 24' lang='lat'>*</span> <span class='ocrx_word' id='word_1_290' title='bbox 250 2468 329 2500; x_wconf 88' lang='lat' dir='ltr'>tum</span> <span class='ocrx_word' id='word_1_291' title='bbox 353 2476 395 2499; x_wconf 86' lang='lat' dir='ltr'>ex</span> <span class='ocrx_word' id='word_1_292' title='bbox 416 2475 460 2500; x_wconf 87' lang='lat' dir='ltr'>ea</span> <span class='ocrx_word' id='word_1_293' title='bbox 481 2468 516 2500; x_wconf 89' lang='lat' dir='ltr'>et</span> <span class='ocrx_word' id='word_1_294' title='bbox 537 2464 668 2500; x_wconf 84' lang='lat' dir='ltr'>oratio.</span> 
     </span>
    </p>

    <p class='ocr_par' dir='ltr' id='par_1_39' title="bbox 226 2511 860 2641">
     <span class='ocr_line' id='line_1_79' title="bbox 226 2511 857 2559; baseline 0.002 -13"><span class='ocrx_word' id='word_1_295' title='bbox 226 2527 244 2559; x_wconf 79' lang='lat'><strong>7</strong></span> <span class='ocrx_word' id='word_1_296' title='bbox 270 2511 417 2547; x_wconf 86' lang='lat' dir='ltr'>Levatio</span> <span class='ocrx_word' id='word_1_297' title='bbox 469 2511 604 2556; x_wconf 78' lang='lat' dir='ltr'>crucis,</span> <span class='ocrx_word' id='word_1_298' title='bbox 655 2511 857 2547; x_wconf 81' lang='lat' dir='ltr'>documen-</span> 
     </span>
     <span class='ocr_line' id='line_1_80' title="bbox 252 2559 860 2602; baseline 0.002 -8"><span class='ocrx_word' id='word_1_299' title='bbox 252 2563 330 2594; x_wconf 89' lang='lat' dir='ltr'>tum</span> <span class='ocrx_word' id='word_1_300' title='bbox 364 2569 407 2594; x_wconf 86' lang='lat' dir='ltr'>ex</span> <span class='ocrx_word' id='word_1_301' title='bbox 439 2570 497 2602; x_wconf 86' lang='lat' dir='ltr'>ea,</span> <span class='ocrx_word' id='word_1_302' title='bbox 519 2561 623 2594; x_wconf 87' lang='lat' dir='ltr'>actus</span> <span class='ocrx_word' id='word_1_303' title='bbox 651 2559 860 2596; x_wconf 85' lang='lat' dir='ltr'>conforma·</span> 
     </span>
     <span class='ocr_line' id='line_1_81' title="bbox 251 2605 573 2641; baseline -0.003 0"><span class='ocrx_word' id='word_1_304' title='bbox 251 2605 365 2641; x_wconf 88' lang='lat' dir='ltr'>tionis</span> <span class='ocrx_word' id='word_1_305' title='bbox 383 2610 419 2641; x_wconf 85' lang='lat' dir='ltr'>et</span> <span class='ocrx_word' id='word_1_306' title='bbox 439 2605 573 2641; x_wconf 86' lang='lat' dir='ltr'>oratio.</span> 
     </span>
    </p>

    <p class='ocr_par' dir='ltr' id='par_1_40' title="bbox 226 2652 855 2736">
     <span class='ocr_line' id='line_1_82' title="bbox 226 2652 855 2700; baseline 0.002 -12"><span class='ocrx_word' id='word_1_307' title='bbox 226 2655 246 2688; x_wconf 89' lang='lat'>8</span> <span class='ocrx_word' id='word_1_308' title='bbox 271 2652 425 2689; x_wconf 87' lang='lat' dir='ltr'>Dolores</span> <span class='ocrx_word' id='word_1_309' title='bbox 442 2652 580 2688; x_wconf 88' lang='lat' dir='ltr'>Christi</span> <span class='ocrx_word' id='word_1_310' title='bbox 601 2652 800 2700; x_wconf 87' lang='lat' dir='ltr'>pendentis</span> <span class='ocrx_word' id='word_1_311' title='bbox 818 2652 855 2689; x_wconf 92' lang='lat' dir='ltr'>in</span> 
     </span>
     <span class='ocr_line' id='line_1_83' title="bbox 251 2710 374 2736; baseline 0 -1"><span class='ocrx_word' id='word_1_312' title='bbox 251 2710 374 2736; x_wconf 85' lang='lat' dir='ltr'>cruce.</span> 
     </span>
    </p>

    <p class='ocr_par' dir='ltr' id='par_1_41' title="bbox 226 2746 862 2832">
     <span class='ocr_line' id='line_1_84' title="bbox 226 2746 862 2796; baseline 0 -13"><span class='ocrx_word' id='word_1_313' title='bbox 226 2763 247 2796; x_wconf 92' lang='lat'>9</span> <span class='ocrx_word' id='word_1_314' title='bbox 271 2747 346 2783; x_wconf 92' lang='lat' dir='ltr'>Cur</span> <span class='ocrx_word' id='word_1_315' title='bbox 373 2750 533 2784; x_wconf 83' lang='lat' dir='ltr'>mortem</span> <span class='ocrx_word' id='word_1_316' title='bbox 558 2747 678 2784; x_wconf 89' lang='lat' dir='ltr'>crucis</span> <span class='ocrx_word' id='word_1_317' title='bbox 707 2746 862 2794; x_wconf 85' lang='lat' dir='ltr'>elegerit</span> 
     </span>
     <span class='ocr_line' id='line_1_85' title="bbox 251 2793 458 2832; baseline -0.005 0"><span class='ocrx_word' id='word_1_318' title='bbox 251 2793 458 2832; x_wconf 75' lang='lat' dir='ltr'>Dominus?</span> 
     </span>
    </p>
   </div>
   <div class='ocr_carea' id='block_1_11' title="bbox 1061 1800 1744 1854">
    <p class='ocr_par' dir='ltr' id='par_1_42' title="bbox 1061 1800 1744 1854">
     <span class='ocr_line' id='line_1_86' title="bbox 1061 1800 1744 1854; baseline 0.001 -14"><span class='ocrx_word' id='word_1_319' title='bbox 1061 1818 1101 1840; x_wconf 91' lang='lat'>10</span> <span class='ocrx_word' id='word_1_320' title='bbox 1122 1801 1233 1839; x_wconf 83' lang='lat' dir='ltr'>Tituli</span> <span class='ocrx_word' id='word_1_321' title='bbox 1253 1800 1421 1854; x_wconf 81' lang='lat' dir='ltr'>scriptio,</span> <span class='ocrx_word' id='word_1_322' title='bbox 1437 1801 1656 1849; x_wconf 87' lang='lat' dir='ltr'>mysterium</span> <span class='ocrx_word' id='word_1_323' title='bbox 1676 1805 1714 1841; x_wconf 87' lang='lat' dir='ltr'>et</span> <span class='ocrx_word' id='word_1_324' title='bbox 1741 1845 1744 1847; x_wconf 46' lang='grc'><strong>,</strong></span> 
     </span>
    </p>
   </div>
   <div class='ocr_carea' id='block_1_12' title="bbox 1055 1848 1712 2828">
    <p class='ocr_par' dir='ltr' id='par_1_43' title="bbox 1104 1848 1378 1902">
     <span class='ocr_line' id='line_1_87' title="bbox 1104 1848 1378 1902; baseline 0 -18"><span class='ocrx_word' id='word_1_325' title='bbox 1104 1848 1378 1902; x_wconf 83' lang='lat' dir='ltr'>convenientia.</span> 
     </span>
    </p>

    <p class='ocr_par' dir='ltr' id='par_1_44' title="bbox 1059 1895 1712 1979">
     <span class='ocr_line' id='line_1_88' title="bbox 1059 1895 1712 1944; baseline 0.002 -11"><span class='ocrx_word' id='word_1_326' title='bbox 1059 1912 1095 1934; x_wconf 88' lang='lat'>11</span> <span class='ocrx_word' id='word_1_327' title='bbox 1119 1897 1191 1933; x_wconf 81' lang='lat' dir='ltr'>Cur</span> <span class='ocrx_word' id='word_1_328' title='bbox 1205 1895 1243 1931; x_wconf 90' lang='lat' dir='ltr'>in</span> <span class='ocrx_word' id='word_1_329' title='bbox 1260 1895 1535 1944; x_wconf 85' lang='lat' dir='ltr'>tribuslinguis</span> <span class='ocrx_word' id='word_1_330' title='bbox 1548 1897 1712 1944; x_wconf 85' lang='lat' dir='ltr'>scriptus</span> 
     </span>
     <span class='ocr_line' id='line_1_89' title="bbox 1102 1942 1390 1979; baseline 0 0"><span class='ocrx_word' id='word_1_331' title='bbox 1102 1943 1216 1979; x_wconf 85' lang='lat' dir='ltr'>suerit</span> <span class='ocrx_word' id='word_1_332' title='bbox 1233 1942 1390 1979; x_wconf 79' lang='lat' dir='ltr'>titulus?</span> 
     </span>
    </p>

    <p class='ocr_par' dir='ltr' id='par_1_45' title="bbox 1060 1989 1710 2122">
     <span class='ocr_line' id='line_1_90' title="bbox 1060 1989 1710 2028; baseline 0 0"><span class='ocrx_word' id='word_1_333' title='bbox 1060 2005 1097 2028; x_wconf 90' lang='lat'>12</span> <span class='ocrx_word' id='word_1_334' title='bbox 1122 1992 1196 2026; x_wconf 86' lang='lat' dir='ltr'>Pe&#39;r</span> <span class='ocrx_word' id='word_1_335' title='bbox 1218 1989 1370 2026; x_wconf 84' lang='lat' dir='ltr'>titulum</span> <span class='ocrx_word' id='word_1_336' title='bbox 1397 1991 1520 2027; x_wconf 88' lang='lat' dir='ltr'>crucis</span> <span class='ocrx_word' id='word_1_337' title='bbox 1548 1991 1710 2028; x_wconf 86' lang='lat' dir='ltr'>ostendi-</span> 
     </span>
     <span class='ocr_line' id='line_1_91' title="bbox 1101 2036 1710 2084; baseline 0.007 -12"><span class='ocrx_word' id='word_1_338' title='bbox 1101 2040 1163 2073; x_wconf 88' lang='lat' dir='ltr'>tur</span> <span class='ocrx_word' id='word_1_339' title='bbox 1184 2036 1319 2073; x_wconf 84' lang='lat' dir='ltr'>Christi</span> <span class='ocrx_word' id='word_1_340' title='bbox 1346 2037 1574 2084; x_wconf 86' lang='lat' dir='ltr'>triumphus,</span> <span class='ocrx_word' id='word_1_341' title='bbox 1595 2039 1710 2076; x_wconf 83' lang='lat' dir='ltr'>docu-</span> 
     </span>
     <span class='ocr_line' id='line_1_92' title="bbox 1102 2086 1616 2122; baseline 0.004 -2"><span class='ocrx_word' id='word_1_342' title='bbox 1102 2087 1271 2120; x_wconf 88' lang='lat' dir='ltr'>mentum</span> <span class='ocrx_word' id='word_1_343' title='bbox 1290 2095 1334 2120; x_wconf 85' lang='lat' dir='ltr'>ex</span> <span class='ocrx_word' id='word_1_344' title='bbox 1355 2095 1398 2120; x_wconf 91' lang='lat' dir='ltr'>eo</span> <span class='ocrx_word' id='word_1_345' title='bbox 1419 2088 1456 2121; x_wconf 89' lang='lat' dir='ltr'>et</span> <span class='ocrx_word' id='word_1_346' title='bbox 1481 2086 1616 2122; x_wconf 87' lang='lat' dir='ltr'>oratio.</span> 
     </span>
    </p>

    <p class='ocr_par' dir='ltr' id='par_1_46' title="bbox 1058 2131 1710 2226">
     <span class='ocr_line' id='line_1_93' title="bbox 1058 2131 1710 2186; baseline 0.002 -17"><span class='ocrx_word' id='word_1_347' title='bbox 1058 2136 1097 2169; x_wconf 87' lang='lat'>15</span> <span class='ocrx_word' id='word_1_348' title='bbox 1119 2134 1253 2167; x_wconf 76' lang='lat' dir='ltr'>mea</span> <span class='ocrx_word' id='word_1_349' title='bbox 1277 2131 1397 2168; x_wconf 88' lang='lat' dir='ltr'>crucis</span> <span class='ocrx_word' id='word_1_350' title='bbox 1418 2132 1575 2186; x_wconf 77' lang='lat' dir='ltr'>ejusque</span> <span class='ocrx_word' id='word_1_351' title='bbox 1594 2132 1710 2180; x_wconf 89' lang='lat' dir='ltr'>expli-</span> 
     </span>
     <span class='ocr_line' id='line_1_94' title="bbox 1101 2179 1589 2226; baseline 0.006 -13"><span class='ocrx_word' id='word_1_352' title='bbox 1101 2179 1197 2215; x_wconf 83' lang='lat' dir='ltr'>catio</span> <span class='ocrx_word' id='word_1_353' title='bbox 1216 2179 1256 2214; x_wconf 90' lang='lat' dir='ltr'>in</span> <span class='ocrx_word' id='word_1_354' title='bbox 1276 2189 1391 2215; x_wconf 87' lang='lat' dir='ltr'>sensu</span> <span class='ocrx_word' id='word_1_355' title='bbox 1418 2181 1589 2226; x_wconf 86' lang='lat' dir='ltr'>mystico.</span> 
     </span>
    </p>

    <p class='ocr_par' dir='ltr' id='par_1_47' title="bbox 1057 2226 1712 2319">
     <span class='ocr_line' id='line_1_95' title="bbox 1057 2226 1712 2270; baseline 0.002 -7"><span class='ocrx_word' id='word_1_356' title='bbox 1057 2231 1096 2270; x_wconf 90' lang='grc'>14</span> <span class='ocrx_word' id='word_1_357' title='bbox 1119 2226 1270 2261; x_wconf 78' lang='lat' dir='ltr'>Moralis</span> <span class='ocrx_word' id='word_1_358' title='bbox 1306 2231 1552 2264; x_wconf 74' lang='lat' dir='ltr'>sacrosanctae</span> <span class='ocrx_word' id='word_1_359' title='bbox 1590 2226 1712 2264; x_wconf 86' lang='lat' dir='ltr'>crucis</span> 
     </span>
     <span class='ocr_line' id='line_1_96' title="bbox 1100 2273 1471 2319; baseline 0.003 -11"><span class='ocrx_word' id='word_1_360' title='bbox 1100 2274 1230 2319; x_wconf 71' lang='lat' dir='ltr'>figurae</span> <span class='ocrx_word' id='word_1_361' title='bbox 1252 2273 1471 2319; x_wconf 85' lang='lat' dir='ltr'>descriptio.</span> 
     </span>
    </p>

    <p class='ocr_par' dir='ltr' id='par_1_48' title="bbox 1056 2321 1710 2405">
     <span class='ocr_line' id='line_1_97' title="bbox 1056 2321 1710 2365; baseline 0.003 -8"><span class='ocrx_word' id='word_1_362' title='bbox 1056 2324 1094 2357; x_wconf 83' lang='lat'>15</span> <span class='ocrx_word' id='word_1_363' title='bbox 1119 2322 1321 2356; x_wconf 84' lang='lat' dir='ltr'>Latronum</span> <span class='ocrx_word' id='word_1_364' title='bbox 1358 2321 1562 2365; x_wconf 83' lang='lat' dir='ltr'>crucifixio,</span> <span class='ocrx_word' id='word_1_365' title='bbox 1596 2322 1710 2359; x_wconf 91' lang='lat' dir='ltr'>docu-</span> 
     </span>
     <span class='ocr_line' id='line_1_98' title="bbox 1100 2369 1613 2406; baseline 0.004 -3"><span class='ocrx_word' id='word_1_366' title='bbox 1100 2370 1266 2403; x_wconf 84' lang='lat' dir='ltr'>mentum</span> <span class='ocrx_word' id='word_1_367' title='bbox 1288 2379 1331 2403; x_wconf 80' lang='lat' dir='ltr'>ex</span> <span class='ocrx_word' id='word_1_368' title='bbox 1352 2378 1396 2404; x_wconf 88' lang='lat' dir='ltr'>ea</span> <span class='ocrx_word' id='word_1_369' title='bbox 1422 2371 1459 2404; x_wconf 89' lang='lat' dir='ltr'>et</span> <span class='ocrx_word' id='word_1_370' title='bbox 1476 2369 1613 2406; x_wconf 86' lang='lat' dir='ltr'>oratio.</span> 
     </span>
    </p>

    <p class='ocr_par' dir='ltr' id='par_1_49' title="bbox 1056 2414 1710 2509">
     <span class='ocr_line' id='line_1_99' title="bbox 1056 2414 1710 2454; baseline 0.003 -3"><span class='ocrx_word' id='word_1_371' title='bbox 1056 2419 1095 2451; x_wconf 90' lang='grc'>16</span> <span class='ocrx_word' id='word_1_372' title='bbox 1118 2414 1258 2450; x_wconf 79' lang='lat' dir='ltr'>runica</span> <span class='ocrx_word' id='word_1_373' title='bbox 1297 2415 1434 2451; x_wconf 79' lang='lat' dir='ltr'>Clnisti</span> <span class='ocrx_word' id='word_1_374' title='bbox 1474 2415 1710 2454; x_wconf 87' lang='lat' dir='ltr'>inconsutilis</span> 
     </span>
     <span class='ocr_line' id='line_1_100' title="bbox 1098 2460 1555 2509; baseline 0.009 -13"><span class='ocrx_word' id='word_1_375' title='bbox 1098 2460 1311 2497; x_wconf 84' lang='lat' dir='ltr'>litteraliter</span> <span class='ocrx_word' id='word_1_376' title='bbox 1331 2465 1367 2498; x_wconf 89' lang='lat' dir='ltr'>et</span> <span class='ocrx_word' id='word_1_377' title='bbox 1388 2463 1555 2509; x_wconf 88' lang='lat' dir='ltr'>mystice.</span> 
     </span>
    </p>

    <p class='ocr_par' dir='ltr' id='par_1_50' title="bbox 1056 2508 1709 2643">
     <span class='ocr_line' id='line_1_101' title="bbox 1056 2508 1709 2556; baseline 0.006 -12"><span class='ocrx_word' id='word_1_378' title='bbox 1056 2524 1094 2556; x_wconf 87' lang='lat'>17</span> <span class='ocrx_word' id='word_1_379' title='bbox 1120 2508 1263 2544; x_wconf 85' lang='lat' dir='ltr'>Divisio.</span> <span class='ocrx_word' id='word_1_380' title='bbox 1281 2509 1589 2547; x_wconf 78' lang='lat' dir='ltr'>vestimentoium</span> <span class='ocrx_word' id='word_1_381' title='bbox 1608 2511 1709 2548; x_wconf 91' lang='lat' dir='ltr'>Chri-</span> 
     </span>
     <span class='ocr_line' id='line_1_102' title="bbox 1076 2525 1707 2602; baseline 0.005 -10.139"><span class='ocrx_word' id='word_1_382' title='bbox 1076 2525 1164 2600; x_wconf 78' lang='lat' dir='ltr'>7sti‚</span> <span class='ocrx_word' id='word_1_383' title='bbox 1205 2557 1432 2593; x_wconf 85' lang='lat' dir='ltr'>documenta</span> <span class='ocrx_word' id='word_1_384' title='bbox 1453 2568 1495 2593; x_wconf 81' lang='lat' dir='ltr'>ex</span> <span class='ocrx_word' id='word_1_385' title='bbox 1519 2569 1575 2602; x_wconf 87' lang='lat' dir='ltr'>ea,</span> <span class='ocrx_word' id='word_1_386' title='bbox 1603 2562 1707 2595; x_wconf 86' lang='lat' dir='ltr'>actus</span> 
     </span>
     <span class='ocr_line' id='line_1_103' title="bbox 1099 2603 1632 2643; baseline 0.008 -5"><span class='ocrx_word' id='word_1_387' title='bbox 1099 2603 1408 2640; x_wconf 81' lang='lat' dir='ltr'>conformationis</span> <span class='ocrx_word' id='word_1_388' title='bbox 1435 2606 1472 2640; x_wconf 79' lang='lat' dir='ltr'>et</span> <span class='ocrx_word' id='word_1_389' title='bbox 1497 2605 1632 2643; x_wconf 86' lang='lat' dir='ltr'>oratio.</span> 
     </span>
    </p>

    <p class='ocr_par' dir='ltr' id='par_1_51' title="bbox 1055 2650 1707 2743">
     <span class='ocr_line' id='line_1_104' title="bbox 1055 2650 1707 2689; baseline 0.005 -2"><span class='ocrx_word' id='word_1_390' title='bbox 1055 2652 1096 2687; x_wconf 86' lang='lat'>18</span> <span class='ocrx_word' id='word_1_391' title='bbox 1118 2650 1366 2686; x_wconf 79' lang='lat' dir='ltr'>illudentibus</span> <span class='ocrx_word' id='word_1_392' title='bbox 1420 2651 1608 2689; x_wconf 87' lang='lat' dir='ltr'>Christum</span> <span class='ocrx_word' id='word_1_393' title='bbox 1666 2651 1707 2689; x_wconf 91' lang='lat' dir='ltr'>in</span> 
     </span>
     <span class='ocr_line' id='line_1_105' title="bbox 1099 2696 1580 2743; baseline 0.006 -11"><span class='ocrx_word' id='word_1_394' title='bbox 1099 2707 1210 2733; x_wconf 86' lang='lat' dir='ltr'>cruce</span> <span class='ocrx_word' id='word_1_395' title='bbox 1234 2696 1388 2743; x_wconf 90' lang='lat' dir='ltr'>quinam</span> <span class='ocrx_word' id='word_1_396' title='bbox 1407 2697 1580 2735; x_wconf 79' lang='lat' dir='ltr'>similes?</span> 
     </span>
    </p>

    <p class='ocr_par' dir='ltr' id='par_1_52' title="bbox 1055 2745 1707 2828">
     <span class='ocr_line' id='line_1_106' title="bbox 1055 2745 1707 2791; baseline 0.003 -10"><span class='ocrx_word' id='word_1_397' title='bbox 1055 2758 1096 2791; x_wconf 89' lang='lat'>19</span> <span class='ocrx_word' id='word_1_398' title='bbox 1120 2745 1193 2781; x_wconf 87' lang='lat' dir='ltr'>Cur</span> <span class='ocrx_word' id='word_1_399' title='bbox 1212 2745 1393 2781; x_wconf 87' lang='lat' dir='ltr'>Dominus</span> <span class='ocrx_word' id='word_1_400' title='bbox 1423 2746 1470 2782; x_wconf 88' lang='lat' dir='ltr'>de</span> <span class='ocrx_word' id='word_1_401' title='bbox 1499 2756 1608 2783; x_wconf 88' lang='lat' dir='ltr'>cruce</span> <span class='ocrx_word' id='word_1_402' title='bbox 1628 2756 1707 2783; x_wconf 91' lang='lat' dir='ltr'>non</span> 
     </span>
     <span class='ocr_line' id='line_1_107' title="bbox 1099 2791 1370 2828; baseline 0 -1"><span class='ocrx_word' id='word_1_403' title='bbox 1099 2791 1336 2828; x_wconf 88' lang='lat' dir='ltr'>descenderit</span> <span class='ocrx_word' id='word_1_404' title='bbox 1351 2792 1370 2827; x_wconf 69' lang='lat'>‘2</span> 
     </span>
    </p>
   </div>
   <div class='ocr_carea' id='block_1_13' title="bbox 1785 1256 1831 1572">
    <p class='ocr_par' dir='ltr' id='par_1_53' title="bbox 1785 1256 1831 1572">
     <span class='ocr_line' id='line_1_108' title="bbox 1785 1256 1831 1289; baseline 0 -11"><span class='ocrx_word' id='word_1_405' title='bbox 1785 1256 1831 1289; x_wconf 85' lang='lat'>90</span> 
     </span>
     <span class='ocr_line' id='line_1_109' title="bbox 1786 1303 1824 1336; baseline 0 -11"><span class='ocrx_word' id='word_1_406' title='bbox 1786 1303 1824 1336; x_wconf 82' lang='grc'>91</span> 
     </span>
     <span class='ocr_line' id='line_1_110' title="bbox 1785 1443 1829 1478; baseline 0 -11"><span class='ocrx_word' id='word_1_407' title='bbox 1785 1443 1829 1478; x_wconf 82' lang='lat'>92</span> 
     </span>
     <span class='ocr_line' id='line_1_111' title="bbox 1786 1538 1830 1572; baseline 0 -11"><span class='ocrx_word' id='word_1_408' title='bbox 1786 1538 1830 1572; x_wconf 80' lang='grc'>92</span> 
     </span>
    </p>
   </div>
   <div class='ocr_carea' id='block_1_14' title="bbox 1785 1867 1829 1900">
    <p class='ocr_par' dir='ltr' id='par_1_54' title="bbox 1785 1867 1829 1900">
     <span class='ocr_line' id='line_1_112' title="bbox 1785 1867 1829 1900; baseline 0 0"><span class='ocrx_word' id='word_1_409' title='bbox 1785 1867 1829 1900; x_wconf 88' lang='grc'>99</span> 
     </span>
    </p>
   </div>
   <div class='ocr_carea' id='block_1_15' title="bbox 1764 1960 1829 1983">
    <p class='ocr_par' dir='ltr' id='par_1_55' title="bbox 1764 1960 1829 1983">
     <span class='ocr_line' id='line_1_113' title="bbox 1764 1960 1829 1983; baseline 0 0"><span class='ocrx_word' id='word_1_410' title='bbox 1764 1960 1829 1983; x_wconf 89' lang='grc'>100</span> 
     </span>
    </p>
   </div>
   <div class='ocr_carea' id='block_1_16' title="bbox 1764 2103 1827 2313">
    <p class='ocr_par' dir='ltr' id='par_1_56' title="bbox 1764 2103 1827 2313">
     <span class='ocr_line' id='line_1_114' title="bbox 1765 2103 1825 2126; baseline 0 -1"><span class='ocrx_word' id='word_1_411' title='bbox 1765 2103 1825 2126; x_wconf 91' lang='grc'>101</span> 
     </span>
     <span class='ocr_line' id='line_1_115' title="bbox 1765 2196 1827 2220; baseline -0.016 0"><span class='ocrx_word' id='word_1_412' title='bbox 1765 2196 1827 2220; x_wconf 83' lang='lat'>102</span> 
     </span>
     <span class='ocr_line' id='line_1_116' title="bbox 1764 2290 1826 2313; baseline 0 0"><span class='ocrx_word' id='word_1_413' title='bbox 1764 2290 1826 2313; x_wconf 84' lang='lat'>102</span> 
     </span>
    </p>
   </div>
   <div class='ocr_carea' id='block_1_17' title="bbox 1764 2374 1827 2408">
    <p class='ocr_par' dir='ltr' id='par_1_57' title="bbox 1764 2374 1827 2408">
     <span class='ocr_line' id='line_1_117' title="bbox 1764 2374 1827 2408; baseline 0 0"><span class='ocrx_word' id='word_1_414' title='bbox 1764 2374 1827 2408; x_wconf 83' lang='lat'>105</span> 
     </span>
    </p>
   </div>
   <div class='ocr_carea' id='block_1_18' title="bbox 1763 2468 1827 2509">
    <p class='ocr_par' dir='ltr' id='par_1_58' title="bbox 1763 2468 1827 2509">
     <span class='ocr_line' id='line_1_118' title="bbox 1763 2468 1827 2509; baseline 0 -7"><span class='ocrx_word' id='word_1_415' title='bbox 1763 2468 1827 2509; x_wconf 83' lang='grc'>104</span> 
     </span>
    </p>
   </div>
   <div class='ocr_carea' id='block_1_19' title="bbox 1760 2608 1827 2736">
    <p class='ocr_par' dir='ltr' id='par_1_59' title="bbox 1760 2608 1827 2736">
     <span class='ocr_line' id='line_1_119' title="bbox 1760 2608 1824 2643; baseline -0.016 0"><span class='ocrx_word' id='word_1_416' title='bbox 1760 2608 1824 2643; x_wconf 83' lang='grc'>105</span> 
     </span>
     <span class='ocr_line' id='line_1_120' title="bbox 1762 2703 1827 2736; baseline 0 0"><span class='ocrx_word' id='word_1_417' title='bbox 1762 2703 1827 2736; x_wconf 87' lang='lat'>106</span> 
     </span>
    </p>
   </div>
   <div class='ocr_carea' id='block_1_20' title="bbox 1762 2797 1827 2831">
    <p class='ocr_par' dir='ltr' id='par_1_60' title="bbox 1762 2797 1827 2831">
     <span class='ocr_line' id='line_1_121' title="bbox 1762 2797 1827 2831; baseline -0.015 0"><span class='ocrx_word' id='word_1_418' title='bbox 1762 2797 1827 2831; x_wconf 86' lang='lat'>106</span> 
     </span>
    </p>
   </div>
  </div>
 </body>
</html>
