1872 3147
145 165 185 199 22

147 237 285 274 dinem.
311 238 437 274 Bonus
457 240 587 283 pastor
611 236 793 284 vigilabat
813 249 924 285 super

145 284 313 321 custodia
332 284 457 331 pusilli
478 284 603 330 gregis
625 284 695 320 sui.
719 285 746 322 Ο
768 286 921 332 grandis

146 333 268 369 amor!
293 333 386 367 Vere
405 333 523 367 bonus
541 335 578 368 et
595 334 680 377 pius
699 335 755 368 cst
774 333 834 369 hic
851 344 920 380 pa-

146 382 223 415 stor
242 379 250 415 l
279 380 370 415 Vere
391 378 429 413 in
451 379 566 414 finem
587 379 715 415 dilexit
735 390 813 424 eos,
839 391 922 417 cum

147 427 183 461 in
210 429 313 461 tanta
339 424 477 470 agonia
502 425 661 471 positus,
682 426 746 463 illo
774 427 921 463 modico

145 476 315 518 tempore
350 472 516 518 quietem
553 484 684 510 eorum
718 475 919 520 procurat!

147 521 227 556 Non
245 520 297 555 sic
318 519 429 555 hodie
451 520 558 556 multi
579 524 748 567 pastores
766 521 920 566 faciunt,

147 568 210 613 qui
232 566 390 602 subditis
412 566 652 613 vigilantibus
676 568 767 604 etin
787 570 923 614 agonia

146 613 294 660 positis,
316 613 508 650 dormiunt
542 615 705 651 suaviter
740 619 776 651 et
810 615 922 661 quie-

147 665 267 697 scunt.
295 662 390 697 Dum
421 671 510 708 ergo
544 661 690 698 videbis
718 662 922 707 discipulos

146 708 374 745 dormientes
385 707 422 744 in
435 711 538 745 tanto
550 709 732 756 periculo,
745 714 781 745 et
797 708 921 745 Domi-

147 766 237 792 num
254 755 486 802 vigilantem,
507 756 536 792 si
555 757 712 792 devotus
733 767 786 801 es,
806 757 924 793 multa

148 803 316 839 invenire
332 803 472 849 poteris
487 814 569 849 quae
585 803 688 840 dicas
703 807 780 839 tam
799 802 922 839 Domi-

146 861 195 886 no
219 855 295 895 tuo,
315 861 426 897 quam
446 850 638 897 discipulis
655 852 744 887 suis.
764 851 926 887 Videbat

144 898 296 933 tandem
324 908 346 933 a
366 897 474 944 longe
496 898 730 934 adversarios
752 909 839 934 suos
861 909 924 934 ve-

145 944 292 981 nientes
327 955 412 981 cum
449 945 590 982 facibus
623 949 660 981 et
693 944 827 990 armis,
856 955 926 980 nec

144 995 269 1028 tamen
303 991 506 1037 discipulos
532 991 717 1033 excitavit,
740 992 813 1028 nisi
842 1002 926 1028 cum

142 1050 260 1086 prope
282 1044 319 1075 et
333 1040 550 1085 quasiJ'uxta
569 1050 633 1075 eos
648 1039 811 1075 fuerunt.
826 1041 927 1075 Tunc

146 1090 273 1122 autem
299 1086 483 1131 evigilans
504 1086 718 1133 discipulos,
735 1087 826 1122 dixit
841 1086 895 1122 eis
914 1097 922 1122 :

145 1135 306 1179 Sufficit,
330 1133 472 1170 scilicet
499 1135 587 1178 quia
609 1135 689 1180 jam
717 1133 924 1180 quievistis,

147 1185 183 1217 et
204 1181 291 1217 satis
312 1180 566 1226 dormivistis3
589 1192 679 1226 ergo
711 1191 846 1228 parum
874 1184 928 1218 est

147 1228 429 1273 dormiendum;
463 1229 564 1265 unde
598 1228 751 1274 quidam
779 1230 924 1273 Patres,

147 1285 223 1311 non
243 1275 316 1311 nisi
337 1275 471 1312 stando
488 1276 547 1312 vel
566 1276 730 1312 sedendo
752 1286 927 1312 somnum

147 1333 281 1369 capere
298 1323 553 1367 permodicum
564 1325 929 1359 consueverunt.Ter

148 1369 320 1416 discipuli
335 1369 541 1415 dormiunt,
564 1374 600 1406 et
611 1373 669 1406 ter
689 1371 871 1406 Dominus
886 1382 927 1406 o-

148 1428 236 1453 rans
255 1428 320 1453 eos
334 1418 514 1453 suscitat:
534 1428 616 1463 quae
634 1418 735 1454 trina
752 1418 927 1454 dormitio

152 1468 190 1501 et
203 1465 409 1508 suscitatio,
426 1467 502 1500 tres
517 1468 686 1501 mortuos
700 1476 793 1511 quos
806 1465 928 1501 Domi-

152 1523 221 1548 nus
235 1511 426 1548 suscitavit
438 1511 637 1554 significat.
653 1514 696 1548 Et
709 1513 924 1558 subjunxit:

154 1561 262 1597 Venit
279 1561 381 1601 hora,
400 1563 434 1595 et
448 1561 566 1595 Filius
587 1561 743 1595 hominis
762 1561 928 1596 tradetur

149 1609 189 1643 in
212 1618 340 1643 manus
365 1611 607 1653 peccatorum.
631 1607 701 1643 Ubi
722 1608 893 1652 Oriqenes
914 1621 924 1644 :

153 1669 172 1688 (t
194 1655 266 1691 Sed
286 1658 323 1690 et
340 1665 439 1690 nunc
458 1655 567 1690 Jesus
585 1653 625 1690 in
648 1665 781 1691 manus
802 1666 928 1701 pecca-

151 1704 274 1738 torum
290 1701 465 1746 traditur,
487 1702 638 1747 quando
660 1699 698 1737 hi
719 1701 782 1748 qui
803 1702 926 1738 viden-

149 1751 210 1785 tur
228 1750 264 1784 in
280 1751 411 1785 Jesum
433 1749 600 1793 credere,
618 1750 761 1785 habent
779 1760 865 1786 eum
886 1749 927 1785 in

149 1795 322 1832 manibus
349 1796 440 1839 suis,
467 1806 550 1832 cum
579 1795 653 1832 sint
686 1800 922 1842 peccatores;

149 1845 214 1879 sed
241 1846 278 1879 et
300 1843 609 1889 quotiescumque
633 1844 754 1890 justus
779 1845 926 1880 habens

148 1890 186 1926 in
207 1902 245 1926 se
261 1892 404 1933 Jesum,
418 1892 454 1926 in
479 1895 662 1936 potestate
678 1891 798 1927 factus
814 1891 925 1927 fuerit

147 1941 400 1984 peccatorum,
413 1939 521 1974 Jesus
537 1943 592 1974 est
611 1938 773 1975 traditus
791 1938 829 1974 in
851 1949 927 1975 ma-

150 1996 219 2021 nus
255 1990 496 2031 peccatorum
529 1996 537 2021 :
573 1998 590 2019 »
623 1986 704 2021 haec
738 1986 921 2030 Oriqenes.

149 2032 281 2069 Subdit
304 2043 391 2068 vero
415 2044 423 2068 z
448 2034 608 2077 Surqz‘te,
628 2043 764 2078 eamus,
784 2033 925 2070 scilicet

149 2080 297 2116 obviam
321 2080 427 2116 Judae
448 2079 647 2126 proditori,
666 2084 703 2116 et
723 2081 800 2116 suis
824 2091 925 2116 com-

146 2126 306 2173 plicibus
329 2138 337 2162 :
357 2129 446 2168 Eece
473 2129 749 2173 appropinquat
775 2130 840 2173 quz'
870 2138 925 2163 me

148 2174 281 2216 tradet,
295 2185 406 2220 quem
428 2174 514 2209 nolo
537 2174 740 2219 declinare,
754 2174 925 2221 quamvis

147 2231 297 2268 possem
314 2224 383 2258 hoc
400 2221 536 2257 facere.
553 2223 604 2257 Ac
619 2223 650 2258 si
667 2222 809 2258 diceret
823 2234 830 2258 :
844 2223 925 2259 Non

148 2279 217 2304 nos
247 2268 438 2305 inveniant
469 2269 640 2311 latentes,
669 2280 712 2305 ac
741 2269 849 2316 quasi
877 2270 924 2305 ti-

146 2319 291 2352 mentes
319 2319 356 2352 et
382 2317 637 2360 retrahentes;
664 2317 764 2353 ultro
794 2327 924 2353 eamus

146 2362 199 2399 eis
218 2364 381 2408 obviam,
399 2366 433 2399 et
455 2374 656 2409 pergamus
675 2364 722 2400 ad
742 2368 922 2408 mortem3

143 2413 183 2446 nt
210 2410 357 2457 passuri
385 2410 652 2446 confidentiam
675 2414 711 2447 et
743 2411 924 2457 gaudium

141 2457 305 2497 videant,
323 2461 359 2494 et
381 2457 601 2494 Passionem
621 2458 775 2494 omnino
793 2460 922 2495 volun-

140 2505 278 2541 tariam
299 2505 430 2541 sciant.
452 2505 555 2541 Ultro
576 2515 644 2541 nos
664 2505 843 2542 debemus
862 2506 919 2541 ot-

143 2552 257 2597 ferre,
283 2553 433 2598 quando
467 2563 542 2588 non
579 2553 728 2598 expedit
761 2556 922 2589 mortem

143 2599 330 2645 effugere;
354 2599 415 2636 ubi
436 2598 648 2635 ostenditur
665 2599 801 2636 Christi
824 2600 919 2636 desi-

143 2646 288 2683 derium
321 2646 368 2682 ad
401 2650 569 2682 nostram
604 2647 919 2693 redemptionem,

144 2693 233 2739 quia
252 2704 327 2729 non
347 2694 468 2730 solum
489 2692 719 2739 proditorem
740 2705 823 2730 cum
844 2698 919 2730 tur-

142 2741 191 2777 ha
211 2743 424 2777 venientem
454 2741 691 2786 exspectavit,
712 2742 778 2777 sed
805 2742 919 2778 etiam

142 2789 197 2825 eis
221 2788 407 2833 occurrit;
429 2787 492 2824 ubi
524 2787 638 2825 etiam
670 2788 793 2835 docet,
816 2792 856 2825 ut
886 2790 916 2826 si

611 167 822 202 SECUNDAE
859 168 1015 203 PARTIS
1053 168 1189 203 CAPUT
1227 167 1311 202 LIX

996 237 1168 275 tribulari
1188 247 1258 274 nos
1284 238 1445 283 oportet,
1466 244 1550 272 cum
1576 230 1713 284 gaudio
1733 231 1771 267 et

995 285 1227 323 confidentia
1247 285 1511 321 sustineamus.
1524 302 1566 308 —
1581 278 1771 331 Morallter

995 344 1156 380 quoque,
1187 334 1314 369 monet
1340 341 1408 366 nos
1432 331 1478 366 ad
1504 328 1576 364 tria
1599 339 1607 363 t
1632 335 1769 372 primo,

994 382 1041 417 ad
1071 380 1298 417 tentationes
1330 388 1399 414 nos
1432 384 1660 423 praeparare,
1682 381 1771 408 cum
1827 411 1832 416 ¹

994 428 1132 464 dicitur
1155 440 1162 464 :
1192 427 1361 469 Surqz‘te3
1393 425 1569 466 secundo,
1596 417 1771 473 iubenis
1795 429 1800 462 ζ

995 475 1172 520 operibus
1204 473 1405 521 proficere,
1441 481 1524 507 cum
1558 467 1729 520 subditur
1760 475 1769 501 z
1809 505 1812 518 Ι

994 525 1148 564 Eamus;
1171 520 1298 563 tertio,
1318 518 1421 555 omni
1442 519 1535 554 hora
1557 525 1663 562 quasi
1682 518 1773 549 ten-

992 569 1176 605 tationem
1196 567 1405 614 proximam
1432 566 1660 611 exspectare,
1685 569 1773 596 cum
1817 588 1821 599 ,

993 616 1165 652 additur:
1180 618 1267 651 Ecce
1282 614 1572 660 appropinquat,
1585 609 1640 645 vel
1658 616 1773 655 prope

994 667 1059 708 est,
1084 665 1148 709 qui
1164 673 1218 698 me
1237 662 1370 698 tradet.

1047 714 1087 754 14
1128 711 1319 746 Anvmwus
1370 709 1468 744 JUDAE
1514 717 1557 741 ΕΤ
1601 712 1774 739 cononns

996 769 1157 794 ARMATAE.
1183 778 1213 782 -
1231 759 1291 800 Et,
1310 755 1429 791 adhuc
1450 764 1487 790 eo
1504 754 1670 798 loquente
1690 758 1775 785 cum

998 803 1189 850 discipulis
1215 803 1304 848 suis,
1326 813 1400 838 ecce
1430 801 1560 843 Judas,
1587 799 1775 850 mercator

996 853 1193 898 pessimus,
1217 861 1310 886 unus
1337 851 1380 885 de
1406 849 1606 887 duodecim.
1634 845 1800 898 scillcet·

998 909 1169 939 numero,
1193 909 1268 933 non
1298 896 1433 933 merito
1465 906 1473 930 ε
1507 893 1606 940 quod
1635 892 1776 944 (netum

1000 949 1056 982 est
1076 947 1121 981 ad
1145 945 1420 980 ostendendum
1444 941 1608 977 immane
1628 938 1776 974 facinus

998 992 1115 1037 illius,
1131 992 1193 1038 qui
1209 992 1255 1027 de
1270 989 1477 1038 apostolica
1491 987 1672 1032 dignitate
1692 995 1776 1038 pro-

1000 1040 1098 1076 ditor
1117 1039 1239 1075 fuerat
1252 1039 1372 1074 factus
1387 1049 1395 1081 ;
1412 1038 1566 1082 accepta
1577 1045 1599 1071 a
1613 1033 1776 1070 Praefflde

1000 1088 1155 1124 cohorte
1186 1086 1349 1122 militum
1376 1083 1592 1125 Gentilium,
1614 1089 1777 1127 quorum

1000 1136 1182 1171 intererat
1212 1143 1346 1180 capere
1378 1131 1660 1182 malefactores,
1692 1136 1777 1163 cum

999 1181 1153 1218 tribuno
1167 1183 1227 1227 qui
1241 1182 1403 1227 praeerat
1419 1178 1484 1218 eis.
1507 1180 1630 1229 venit-3
1646 1178 1680 1228 et
1696 1184 1777 1210 eum

1001 1240 1038 1265 eo
1065 1229 1174 1265 turba
1196 1230 1312 1264 multa
1337 1229 1355 1264 J
1363 1228 1555 1262 udaeorum
1576 1224 1777 1276 ministro-

1000 1287 1100 1321 rum,
1121 1278 1226 1312 missi
1246 1278 1282 1311 et
1310 1273 1452 1320 accepti
1481 1284 1503 1308 a
1536 1269 1777 1325 pontificibus

1000 1335 1044 1360 ac
1058 1324 1292 1370 principibus
1309 1322 1551 1362 sacerdotum,
1574 1322 1607 1354 et
1623 1327 1775 1370 sentem-

1003 1372 1066 1406 bus
1091 1372 1221 1417 populi
1241 1369 1384 1406 crudeli
1405 1369 1534 1413 utique
1559 1369 1596 1401 et
1617 1373 1777 1411 peSfflma

1001 1419 1179 1455 societate
1200 1416 1416 1463 impiorum,
1439 1421 1634 1460 tamquam
1656 1411 1704 1448 ad
1723 1413 1775 1446 te-

1001 1467 1167 1502 nendum
1182 1475 1289 1501 reum
1317 1466 1360 1500 Et
1375 1462 1604 1498 antecedebat
1621 1470 1677 1495 eos
1697 1457 1776 1494 vel-

1000 1514 1053 1549 uti
1077 1514 1210 1549 ductor
1230 1522 1373 1552 eorum,
1402 1512 1464 1556 qui
1481 1508 1659 1561 volebant
1679 1516 1777 1542 com-

998 1560 1236 1608 prehendere
1266 1561 1408 1596 Jesum.
1440 1560 1484 1594 Et
1515 1556 1699 1603 praedicta
1717 1564 1778 1589 co-

1001 1611 1089 1644 hors
1108 1610 1208 1644 venit
1227 1608 1328 1651 illue,
1351 1617 1430 1642 cum
1453 1606 1604 1641 laternis
1623 1606 1657 1638 et
1678 1603 1776 1655 fact:-

1001 1656 1078 1700 bus,
1093 1660 1133 1691 ut
1150 1655 1179 1691 si
1201 1654 1240 1691 in
1260 1653 1426 1690 tenebris
1445 1653 1564 1689 latere
1581 1650 1704 1691 vellet,
1720 1650 1778 1703 hls

999 1706 1255 1749 quaereretur3
1292 1711 1460 1746 necnon,
1502 1710 1581 1752 cum
1614 1698 1776 1751 ytatius,

997 1751 1160 1794 fustibus
1181 1753 1214 1785 et
1235 1751 1360 1790 armis,
1384 1751 1424 1784 ut
1449 1752 1664 1794 captionem
1693 1754 1776 1791 ejus

998 1797 1182 1845 impedire
1202 1796 1414 1833 volentibus
1441 1796 1499 1831 his
1523 1794 1774 1846 resisteretur.

1000 1846 1211 1882 Secundum
1222 1846 1496 1888 Hieronymum,
1505 1841 1690 1878 incumblt
1701 1850 1776 1893 vir-

997 1894 1067 1928 tuti
1087 1891 1216 1935 seculi,
1239 1891 1302 1937 qui
1324 1891 1502 1936 desperat
1521 1889 1568 1925 de
1586 1888 1775 1934 adjutorio

998 1941 1077 1976 Dei.
1105 1939 1275 1975 Habebat
1297 1940 1423 1984 itaque
1443 1937 1558 1974 Judas
1577 1935 1775 1971 fulcimen-

998 1990 1077 2023 tum
1099 1988 1145 2022 ab
1167 1990 1323 2032 utraque
1350 1984 1468 2028 curia,
1491 1984 1634 2020 scilicet
1654 1984 1776 2035 Impe-

997 2035 1131 2070 ratoris
1144 2033 1303 2069 Romani
1317 2037 1354 2069 et
1366 2031 1573 2075 Pontificis,
1583 2039 1779 2076 quaS1ser-

997 2085 1082 2117 vato
1096 2080 1229 2117 ordine
1243 2079 1418 2128 legitimae
1431 2078 1639 2126 potestatis,
1662 2079 1703 2113 ut
1714 2087 1778 2112 ne-

999 2139 1059 2164 mo
1074 2128 1287 2164 tenentibus
1305 2128 1460 2164 auderet
1476 2126 1673 2169 obsistere,
1692 2133 1777 2176 cum

998 2176 1085 2211 hinc
1116 2175 1254 2211 milites
1282 2173 1472 2218 Praesidis,
1493 2174 1583 2210 inde
1612 2171 1781 2209 ministrs

998 2222 1292 2266 Pharisaeorum,
1314 2221 1377 2268 qui
1402 2222 1439 2257 in
1463 2222 1559 2267 Lege
1583 2219 1717 2257 summi
1729 2222 1777 2267 'et

964 2286 975 2312 f
991 2270 1144 2317 Judices
1170 2271 1408 2317 videbantur,
1440 2268 1545 2305 illum
1573 2268 1772 2311 tenerent;

971 2322 974 2343 ³
997 2317 1069 2363 vel,
1093 2319 1203 2353 etiam
1224 2316 1254 2352 si
1275 2318 1358 2362 quis
1376 2316 1546 2359 auderet,
1568 2319 1700 2352 contra
1720 2317 1776 2351 tot

997 2376 1072 2401 non
1095 2368 1219 2410 pos:et
1240 2375 1248 2400 :
1270 2363 1456 2400 timebant
1483 2363 1584 2400 enim
1610 2363 1774 2410 plebem,

998 2423 1045 2448 ne
1064 2422 1131 2458 per
1152 2412 1251 2448 hanc
1264 2411 1530 2448 defenderetur
1545 2415 1676 2447 contra
1689 2420 1772 2455 eos;

997 2462 1033 2496 et
1058 2459 1144 2495 ideo
1172 2458 1285 2495 etiam
1307 2462 1415 2495 nocte
1435 2458 1611 2503 traditur,
1634 2461 1673 2495 ut
1693 2457 1773 2493 sine

995 2505 1132 2551 turbis,
1149 2517 1232 2552 quae
1249 2506 1288 2542 in
1308 2506 1368 2542 die
1387 2507 1602 2552 frequenter
1621 2509 1791 2552 propter⁴

995 2553 1283 2590 instructionem
1314 2554 1493 2599 aderant,
1523 2553 1769 2590 inveniretur.

995 2602 1206 2647 Antequam
1227 2605 1351 2637 autem
1371 2603 1391 2637 J
1397 2601 1502 2645 udas,
1525 2603 1590 2647 qui
1614 2601 1772 2637 tradidit

996 2659 1088 2693 eum,
1109 2658 1192 2684 cum
1215 2649 1326 2684 turba
1357 2649 1502 2684 veniret
1528 2648 1575 2685 ad
1604 2648 1770 2693 hortum,

994 2695 1060 2731 uhi
1085 2697 1194 2732 Jesus
1221 2706 1304 2731 cum
1335 2695 1525 2740 discipulis
1550 2699 1644 2740 erat,
1669 2696 1771 2732 dedit

995 2745 1045 2777 eis
1059 2745 1218 2789 stynum,
1232 2743 1354 2778 dicens
1368 2754 1376 2779 ε
1393 2744 1656 2788 Quemcumque
1666 2753 1769 2779 oscu-

993 2790 1091 2826 latus
1108 2791 1228 2835 fuer0‚
1248 2792 1328 2837 ipse
1341 2794 1406 2837 est,
1423 2790 1565 2827 scilicet
1585 2789 1768 2836 Christus,
