1924 3157
609 166 659 201 ΕΤ
696 165 926 200 FESTORUM
963 166 1120 201 TOTIUS
1157 166 1273 201 ANNI.
1703 166 1761 200 343

127 232 251 270 Nolite
278 233 443 272 arbitrar
469 236 557 283 quia
580 247 712 284 pacem
733 236 902 273 venerim

172 280 336 328 mittere,
357 286 428 320 ete.
450 285 584 322 March.
613 299 667 322 10.
690 285 731 321 P.
746 283 778 330 Ι,
794 294 824 320 0.
845 286 903 327 54.

303 356 406 398 Item,
421 355 531 391 unius
546 355 726 399 Martyris

217 412 288 439 non
308 403 498 448 Pontificis
513 402 699 440 :Secundo
718 402 806 438 loeo.

122 465 221 503 Nihil
242 468 298 503 est
315 470 488 512 opertum
507 466 606 513 quod
627 476 703 502 non
723 464 902 502 revelabi·

170 517 243 559 tur,
266 516 338 551 etc.
361 515 494 551 Macch.
523 529 577 551 ιο.
600 515 639 550 P.
663 513 693 556 Ι,
715 523 747 549 0.
771 516 830 550 55.

173 584 288 620 Unius
307 585 500 631 Martyris,
522 587 679 631 tempore
695 584 852 631 pascali.

124 646 199 693 Ego
232 656 316 682 sum
353 646 439 683 vitis
467 658 557 684 vera
589 650 625 683 et
656 647 768 683 Pater
798 656 902 682 meus

168 693 328 740 agicola,
352 697 422 730 etc.
440 696 547 731 Joan.
575 698 628 731 15.
655 696 695 730 P.
712 693 763 738 ΙΙ,
788 704 820 730 0.
841 696 900 740 57.

173 767 336 802 Plurium
355 767 562 812 Martyrum
583 780 593 803 ε
615 768 737 803 Primo
765 767 853 803 loco.

122 831 215 869 Cum
241 830 438 868 audieritis
464 831 595 878 praelia
621 835 658 868 et
682 830 901 877 seditiones,

169 881 242 917 etc.
261 880 349 916 Luc.
373 893 428 916 21.
452 881 492 916 P.
516 879 565 926 II,
587 890 620 916 c.
642 882 702 927 59.

239 951 343 995 Item,
358 952 525 997 plurium
546 953 751 997 Martyrum
773 966 782 988 ε

374 999 537 1036 Secundo
559 1000 647 1035 loco.

125 1062 363 1099 Descendens
391 1064 499 1100 Jesus
538 1063 584 1099 de
620 1066 746 1100 monte
785 1061 902 1108 stetit,

171 1113 242 1148 etc.
263 1112 350 1147 Luc.
373 1113 408 1147 6.
430 1112 470 1148 P.
494 1110 525 1152 Ι,
545 1122 576 1148 e.
594 1113 653 1147 53.

234 1183 336 1228 Item,
356 1183 523 1229 plurium
549 1184 757 1228 Martyrum
778 1195 787 1219 τ

396 1232 515 1266 Tertio
541 1231 629 1268 loco.

122 1295 283 1332 Sedente
316 1297 407 1332 Jesu
437 1306 551 1341 super
585 1299 753 1333 montem
779 1295 903 1333 Olive—

170 1342 213 1388 ti,
229 1345 300 1380 etc.
323 1344 457 1380 Matth.
483 1347 540 1387 24.
563 1345 602 1381 P.
623 1342 674 1388 ΙΙ,
693 1355 726 1380 0.
748 1347 807 1391 59.

217 1422 384 1458 Plurium
407 1423 630 1469 Martyrum,
652 1427 810 1470 tempore

430 1471 578 1516 pascali
582 1501 590 1508 .

124 1537 200 1583 Ego
239 1545 322 1572 sum
357 1536 455 1577 vitis,
494 1547 561 1573 vos
600 1536 789 1584 palmites.
830 1539 903 1574 010.

169 1585 274 1621 Joan.
301 1586 354 1620 15.
378 1584 419 1620 P.
434 1583 484 1629 ΙΙ,
507 1595 538 1620 0.
561 1587 620 1631 57.

280 1655 505 1700 Confessorz's
524 1655 714 1703 Pontificis
736 1672 743 1694 :

395 1706 517 1740 Primo
541 1705 629 1742 loco.

125 1769 243 1805 Homo
271 1778 428 1814 peregre
454 1767 712 1815 proficiscens,
742 1768 904 1816 vocavit,

172 1819 242 1853 etc.
263 1817 398 1853 March.
421 1820 478 1853 25.
501 1817 542 1854 P.
561 1816 612 1863 ΙΙ,
636 1827 670 1854 c.
690 1821 749 1865 49.

1071 238 1174 282 Item,
1195 237 1418 280 confessoris
1444 236 1631 280 Pontificis
1653 246 1660 271 ;

1228 284 1392 321 Secundo
1415 284 1502 319 loco.

978 341 1151 395 Vigilate,
1173 342 1263 389 quia
1284 343 1438 379 nescitis
1462 353 1538 389 qua
1562 342 1656 394 hora
1678 342 1757 377 Do-

1025 399 1149 426 minus
1191 394 1316 426 vester
1351 394 1532 427 venturus
1578 391 1640 433 sit,
1686 392 1757 425 010.

1024 438 1155 474 Macth.
1183 441 1239 481 24.
1263 439 1303 474 Ρ.
1320 437 1368 480 ΙΙ,
1392 450 1422 473 c.
1443 440 1513 482 46.

1258 499 1464 534 Doctorum.

977 557 1047 641 Vols
1064 556 1168 640 estigl
1178 556 1232 592 sal
1252 559 1378 601 terrae,
1402 559 1473 593 etc.
1494 556 1629 593 Matth.
1657 557 1691 591 5.
1715 554 1756 589 Ρ.

1044 631 1052 649 ,
1073 615 1103 640 C.
1153 621 1187 647 4.

1090 664 1313 707 Confessorz's
1334 674 1405 698 non
1425 665 1612 709 Pontificis
1634 675 1643 698 :

1248 712 1370 746 Primo
1393 711 1480 747 Ioco.

977 768 1058 807 Sint
1078 768 1195 806 lumbi
1217 768 1331 805 vestri
1351 768 1558 816 praecincti,
1581 771 1650 806 010.
1670 771 1756 805 Luc.

1030 830 1083 853 12.
1105 818 1145 853 P.
1170 816 1219 861 II,
1243 828 1272 852 C>
1298 820 1357 864 47.

1024 884 1127 926 Item,
1149 883 1372 926 confessoris
1393 893 1464 918 non
1483 882 1672 927 Pontifices
1701 894 1708 918 ;

1233 930 1396 966 Secundo
1418 931 1505 966 loco.

978 988 1098 1026 Nolite
1132 988 1292 1033 timere,
1330 989 1487 1035 pusillus
1521 999 1630 1035 grex,
1669 987 1758 1035 quia

1024 1035 1262 1084 complacuit,
1277 1040 1347 1073 etc.
1364 1038 1450 1073 Luc.
1473 1050 1526 1074 12.
1545 1038 1585 1074 P.
1602 1035 1632 1082 Ι,
1649 1047 1680 1074 0.
1699 1038 1756 1072 58.

1263 1102 1460 1138 Abbutum.

978 1161 1069 1197 Ecce
1109 1171 1177 1197 nos
1215 1160 1437 1206 reliquimus
1479 1159 1609 1196 omnia
1635 1188 1644 1205 ,
1685 1164 1757 1196 010.

1025 1209 1157 1245 Match.
1186 1223 1239 1255 19.
1259 1209 1299 1244 P.
1323 1208 1373 1253 Π,
1397 1219 1429 1246 C.
1452 1211 1505 1244 15.

1122 1277 1318 1320 Virqz'num
1341 1291 1349 1313 ε
1375 1277 1496 1311 Primo
1525 1277 1613 1312 loco.

980 1334 1108 1372 Simile
1133 1334 1205 1371 erit
1233 1345 1391 1381 regnum
1421 1334 1602 1370 ccelorum
1628 1334 1759 1370 decem

1027 1381 1257 1427 Virginibus,
1285 1387 1357 1418 010.
1393 1383 1526 1419 ΜαιιΙι.
1557 1385 1614 1418 25.
1637 1382 1678 1420 P.
1707 1380 1758 1425 ΙΙ,

1027 1441 1057 1466 c.
1086 1433 1147 1473 48.

1040 1492 1142 1534 Item,
1167 1491 1362 1534 Virqinum
1388 1502 1394 1526 :
1418 1489 1580 1527 Secundo
1604 1490 1701 1535 Ioco3

1187 1541 1220 1573 et
1246 1548 1315 1573 non
1340 1538 1551 1582 Virginum.

981 1595 1108 1633 Simile
1128 1599 1185 1632 est
1200 1607 1359 1642 regnum
1375 1597 1557 1633 coelorum
1580 1597 1758 1632 thesauro

1028 1644 1265 1690 abscondito,
1279 1646 1556 1682 010.Μα1111.15.
1573 1643 1759 1688 Ρ.Ι,0.64.

1011 1710 1272 1746 Αηηῑυθνεανίί
1291 1711 1540 1746 Dedicatiom's
1563 1710 1732 1746 ecclesiae.

980 1771 1172 1815 Ingressus
1203 1770 1311 1805 Jesus
1344 1769 1632 1816 perambulabat
1660 1768 1757 1805 Juri-

1025 1817 1110 1863 cho,
1131 1820 1202 1854 etc.
1227 1818 1312 1854 Luc.
1332 1832 1386 1864 19·
1412 1819 1452 1854 P.
1477 1816 1524 1862 [1,
1547 1828 1579 1854 0.
1604 1819 1660 1853 25.

443 1951 721 1998 Evangelia
747 1951 1015 1990 missarum
1046 1960 1136 1998 pro
1162 1951 1435 1990 Defunetis.

248 2063 605 2100 commemorationis
625 2063 786 2099 omnium

379 2111 650 2155 Defunctorum.

125 2169 219 2215 Quia
245 2170 345 2208 venit
363 2171 458 2207 hora
478 2174 515 2206 01
535 2182 632 2207 nunc
657 2174 726 2214 esi,
752 2169 902 2217 quaudo

171 2218 326 2263 mortui,
348 2221 419 2255 010.
437 2221 541 2255 Jocm.
565 2222 598 2256 5.
623 2219 664 2254 P.
683 2217 714 2262 I,
738 2229 770 2254 0.
794 2220 852 2264 78.

216 2280 299 2316 Diei
317 2279 451 2323 obitus,
471 2288 533 2314 seu
554 2278 806 2325 depositionis.

127 2337 298 2382 Domine,
320 2337 351 2374 si
376 2337 511 2374 fuisses
536 2337 610 2382 hic,
641 2336 758 2374 frater
780 2346 901 2380 meus,

172 2389 244 2424 etc.
265 2387 373 2423 Joan.
397 2400 452 2424 11.
472 2386 514 2421 Ρ.
533 2383 584 2431 ΙΙ,
608 2395 640 2421 c.
665 2399 720 2431 17.

1179 2062 1262 2096 Diei
1282 2061 1557 2097 Anniversarz'z'.

975 2120 1095 2157 Omne
1127 2119 1227 2166 quod
1260 2119 1324 2155 dat
1357 2118 1446 2155 mihi
1484 2120 1594 2155 Pater
1624 2118 1672 2154 ad
1697 2129 1759 2155 me

1022 2166 1158 2209 veniet,
1175 2171 1209 2202 et
1224 2177 1310 2202 011111
1329 2166 1392 2212 qui
1412 2165 1515 2202 venit
1533 2165 1579 2202 ad
1599 2176 1673 2210 me,
1687 2169 1759 2202 010.

1018 2216 1123 2252 Joun.
1146 2219 1180 2251 6.
1204 2215 1246 2252 Ρ.
1262 2213 1338 2259 Ι,0.
1364 2228 1421 2260 70.

1171 2275 1293 2310 Missae
1314 2273 1554 2319 quotidianae.

974 2335 1049 2382 Ego
1078 2343 1161 2370 sum
1192 2332 1299 2379 panis
1332 2333 1453 2375 vivus,
1485 2332 1547 2378 qui
1579 2331 1626 2368 de
1659 2331 1754 2367 coelo

1021 2380 1214 2426 descendi,
1236 2384 1308 2417 ete.
1330 2382 1435 2417 Joan.
1456 2383 1491 2416 6.
1518 2380 1558 2415 Ρ.
1581 2378 1612 2423 l,
1634 2389 1666 2416 0.
1690 2390 1752 2426 70.

491 2515 768 2562 Evangelia
794 2514 1061 2553 missarum
1089 2511 1396 2550 votivarum.

249 2644 300 2679 De
319 2643 561 2680 sanctissima
583 2643 776 2678 Trinitate.

127 2703 222 2739 Cum
259 2701 406 2739 venerit
444 2701 651 2738 paraclitus
687 2711 798 2748 quem
834 2710 905 2745 ego

177 2750 323 2787 mittam
347 2749 454 2786 vobis
486 2759 509 2786 a
535 2751 660 2797 Patre,
693 2752 762 2786 etc.
796 2750 902 2785 Joan.

182 2801 236 2837 15.
256 2799 298 2835 Ρ.
319 2796 371 2843 Π,
389 2808 420 2835 c.
445 2800 504 2845 57.

1236 2638 1299 2681 >De
1318 2635 1487 2680 Anqelts.

979 2697 1081 2735 Vidit
1105 2698 1212 2733 Jesus
1238 2695 1446 2732 Nathanael
1474 2693 1685 2731 venientem
1709 2693 1757 2730 ad

1025 2757 1064 2782 se
1083 2749 1122 2822 01
1139 2744 1228 2781 dicit
1245 2743 1291 2781 de
1312 2755 1371 2791 eo,
1391 2746 1463 2781 etc.
1480 2745 1585 2780 Joun.
1609 2757 1638 2779 1.
1662 2742 1702 2778 P.
1727 2739 1758 2786 Ι,

1029 2804 1060 2832 c.
1085 2806 1142 2837 24.
