1924 3157
173 193 212 227 52

179 273 252 299 non
275 259 485 297 credidistis
512 269 580 293 nec
601 256 724 293 verbis
749 256 857 300 meis,
876 266 945 292 nec

176 309 304 351 sactis;
327 310 360 343 si
380 311 500 342 autem
521 310 553 340 et
579 306 849 348 interroqavero
868 314 945 347 vos,

171 368 243 393 non
262 354 528 401 respondebitis
543 353 647 392 mihi,
664 350 758 387 sicut
773 361 842 386 nec
854 350 948 386 alias

174 401 434 449 respondistis,
449 410 532 435 cum
549 399 838 441 interrogarem,
859 408 948 443 quo-

174 453 287 486 modo
307 447 477 484 Christus
497 446 594 482 filius
615 445 732 482 David
749 449 848 480 esset
865 456 872 487 ;
891 455 948 479 ne-

172 508 241 543 que
260 496 468 532 dimittetis.
488 493 628 529 scilicet
649 503 722 535 me,
738 491 799 537 qui
820 495 945 544 tamen

173 556 253 580 suin
279 543 473 578 innocens.
496 543 554 577 Eoe
575 541 638 576 hoc
657 543 789 579 autem,
809 541 949 574 sclllcct

175 595 358 637 tempore,
381 589 418 625 id
440 593 495 624 cst
517 591 601 634 post
619 591 766 632 tempus
799 586 945 621 Passio-

174 638 232 674 nis
252 641 287 673 ct
306 635 560 679 Ascensionis,
574 637 643 670 erit
658 635 775 670 Filius
792 634 947 667 hominis

173 686 297 721 sedens
315 695 336 719 α
354 685 496 719 deoetrz's
513 683 661 717 virtutis
676 682 754 720 Dei,
781 679 818 714 id
839 682 891 714 est
908 679 947 714 in

173 731 382 776 potioribus
418 729 526 766 bouis
565 728 701 772 Patris,
743 726 948 762 secundum

172 779 461 818 humanitatem,
485 776 550 812 sed
577 775 613 811 in
638 773 855 820 aequalitate
878 774 946 808 Pa-

172 829 240 863 tris
260 825 466 862 secundum
487 823 738 859 divinitatem.
764 820 867 856 Unde
887 820 950 855 be-

172 885 219 910 ne
232 873 322 910 dixit
338 885 344 908 z
360 873 475 908 Filius
498 872 666 911 hominis,
681 867 768 914 quia
785 867 819 902 in
833 877 949 918 quan-

171 925 252 957 tum
279 919 394 956 Filius
430 917 495 954 Dei
518 927 666 961 semper
699 916 768 950 suit
792 913 948 959 {equalis

173 967 288 1008 Patri,
312 970 348 1001 ct
374 965 509 1001 sedens
533 964 579 999 ad
601 965 791 999 dexteram
813 960 945 996 Patris.

171 1014 282 1059 Quasi
310 1013 452 1050 diceret
474 1023 482 1046 ε
507 1013 577 1047 Ero
615 1011 651 1045 in
684 1009 758 1044 vita
784 1018 948 1060 regnans

172 1061 403 1108 sempiterna
418 1063 455 1095 et
473 1059 610 1093 virtute
630 1056 771 1099 divina,
788 1066 871 1091 cum
890 1056 949 1107 hic

173 1110 346 1145 infirmus
367 1117 493 1143 coram
511 1105 618 1141 vobis
639 1113 856 1150 appaream.
880 1103 948 1138 Ub1

176 1157 398 1202 Theophilus
417 1167 426 1189 :
446 1168 462 1187 «
480 1154 590 1196 Quasi
608 1151 751 1187 dis-eret.
770 1161 777 1184 :
798 1151 875 1185 Non
893 1152 949 1184 est

175 1203 281 1240 vobis
301 1203 346 1238 dc
364 1204 488 1237 cetero
511 1205 659 1243 tempus
678 1207 893 1249 sermonum
913 1199 949 1231 et

175 1249 375 1293 doctrinae,
403 1248 467 1284 sed
495 1247 673 1292 deinceps
698 1244 828 1296 judicil
852 1247 948 1278 tcm-

174 1309 242 1345 pus
261 1297 348 1340 erit,
367 1306 450 1331 cum
471 1293 644 1329 videbitis
657 1303 716 1327 mc
736 1291 868 1343 Filium
888 1293 949 1326 lio-

176 1344 286 1381 minis
298 1344 490 1380 sedentem
502 1352 523 1376 a
538 1339 678 1376 dextris
688 1339 832 1374 virtutis
845 1339 947 1373 Dei.»

175 1394 292 1435 Tunc,
321 1392 497 1425 diaeerunt
533 1397 654 1423 omnes
679 1398 685 1422 1
710 1388 762 1421 Tu
797 1396 878 1428 erqo
915 1395 950 1419 es

178 1441 291 1475 Filius
308 1439 386 1475 Dei,
409 1435 551 1471 scilicet
571 1433 765 1470 naturalis.
783 1433 856 1484 Qut
874 1434 943 1484 ait:

177 1489 248 1523 Vos
271 1486 409 1526 dicitis,
433 1485 521 1528 quia
548 1493 610 1525 eqo
632 1491 723 1516 sum.
747 1480 858 1522 Quasi
887 1480 950 1513 dl—

175 1536 277 1569 ceret
296 1544 304 1567 :
326 1533 402 1577 Ego
435 1540 502 1565 nec
527 1528 625 1572 dico,
646 1538 714 1563 nec
739 1537 861 1578 nego3
885 1526 950 1561 sed

174 1591 240 1616 vos
255 1579 391 1621 dicitis,
406 1575 581 1624 quamvis
594 1586 666 1610 non
683 1573 859 1610 credaus.
877 1574 951 1625 Sua

174 1638 265 1673 ergo
302 1624 488 1662 sententia
525 1623 839 1659 condemnantur.
880 1621 949 1655 Ubi

168 1675 293 1711 Beda:
314 1688 330 1708 «
356 1675 409 1708 lta
425 1669 712 1717 responsionem
730 1678 836 1703 suam
858 1669 949 1702 tem-

170 1725 293 1769 perat,
306 1724 345 1756 ut
360 1724 395 1756 et
410 1729 537 1754 verum
555 1717 714 1761 dicat,et
734 1719 857 1750 tamen
873 1724 950 1766 ser-

171 1780 231 1805 mo
248 1769 328 1815 ejus
348 1766 544 1803 calumnia}
566 1775 641 1799 non
659 1766 800 1809 pateat.
819 1761 950 1797 Malult

171 1817 272 1853 enim
289 1812 527 1851 seChristum
543 1811 675 1847 Filium
692 1809 757 1846 Dei
771 1810 946 1855 probare,

171 1873 284 1910 quam
307 1862 448 1905 dicere,
471 1863 511 1895 ut
531 1857 810 1894 condemnandi
836 1866 949 1891 causa

169 1911 367 1947 tolleretur
386 1908 459 1951 his,
477 1907 538 1952 qui
558 1905 658 1952 quod
677 1903 859 1949 objiciunt
878 1904 948 1938 hoc

169 1957 241 2004 ipsi
271 1957 448 1992 fatentur.
472 1967 489 1986 i>
510 1955 561 1989 At
593 1954 652 1987 illi
674 1954 769 1987 hanc
789 1960 948 1996 respon·

171 2004 318 2041 sionem
339 2002 614 2048 blasphemiam
630 2001 867 2045 reputantes,
889 1998 948 2032 di-

171 2055 306 2088 oeerunt
331 2063 341 2086 .·
363 2050 459 2093 Quid
481 2049 600 2083 adhue
620 2047 869 2081 desideramus
897 2048 948 2079 te-

172 2100 399 2138 stimonium,
442 2095 585 2131 scilicet
619 2095 666 2129 ad
710 2091 949 2143 probandum

174 2146 272 2192 quod
288 2156 326 2181 se
344 2143 532 2181 Christum
548 2142 647 2177 dicat
663 2143 698 2176 et
714 2139 778 2175 Dei
795 2139 947 2174 Filium?

175 2196 261 2230 Haec
281 2193 356 2228 duo
379 2190 530 2238 gravius
557 2188 833 2235 ponderabant,
853 2186 962 2221 scili-·

174 2244 246 2285 cet,
277 2239 378 2285 quod
398 2250 436 2273 se
460 2236 645 2274 Christum
669 2238 705 2270 et
727 2235 792 2270 Dei
815 2232 948 2269 Filium

172 2288 320 2324 dicebat
341 2298 349 2321 :
380 2297 422 2322 eo
460 2284 559 2330 quod
597 2293 712 2318 unum
753 2280 950 2316 videbatur

172 2346 254 2371 esse
287 2336 418 2369 contra
445 2334 577 2374 Deum,
597 2330 787 2375 reliquum
815 2331 947 2363 contra

171 2383 383 2418 Romanum
410 2378 624 2425 imperium.
653 2379 730 2421 Ipsi
760 2377 854 2427 enim
880 2386 946 2409 au-

170 2430 332 2465 divimus
357 2427 400 2462 de
424 2437 482 2462 ore
502 2426 592 2469 ejus,
616 2425 642 2460 O
664 2424 945 2474 insensatu-ex-

167 2475 324 2512 caecavit
350 2485 417 2510 vos
440 2472 585 2509 malitia
606 2470 751 2506 vestra!
778 2468 946 2505 Audistis

168 2535 211 2560 ex
229 2533 294 2558 ore
316 2523 398 2568 ejus
419 2520 484 2556 Dci
507 2517 756 2555 reverentiam
776 2527 849 2562 qua
865 2519 947 2552 erat

167 2570 407 2612 colendus,et
422 2578 496 2603 non
513 2565 785 2611 blasphemiam
802 2574 874 2610 qua
890 2573 945 2598 es-

166 2621 224 2654 set
240 2615 530 2661 crucifigendus.
553 2627 569 2646 «
586 2614 696 2658 Ergo,
712 2615 749 2647 ut
764 2613 815 2647 ait
830 2611 942 2651 Beda,

165 2676 235 2701 sua
248 2675 287 2700 se
303 2661 492 2699 sententia
501 2660 768 2701 condemnant,
783 2659 844 2703 qui
858 2668 943 2693 eum

166 2711 280 2748 morti
311 2710 478 2747 tradunt,
501 2718 613 2753 quem
642 2706 730 2751 oris,
761 2709 797 2741 et
818 2704 943 2751 operis

160 2758 381 2796 testimonio
404 2757 523 2792 Deum
550 2764 632 2790 csse
653 2755 896 2799 cognoscunt.
920 2766 938 2784 »

210 2809 230 2843 5
251 2807 427 2843 Cnmsrns
458 2815 503 2839 An
529 2803 689 2837 PiLATuu
710 2811 872 2837 DUCITUR.
895 2817 940 2826 -—

635 187 843 221 SECL'NDAE
882 187 1039 222 PARTIS
1079 186 1219 221 CAPUT
1260 186 1334 219 Lxl

1022 257 1068 291 Et
1090 258 1173 301 post
1194 254 1311 290 multa
1332 263 1414 299 (μω
1435 257 1564 290 contra
1586 265 1670 290 cuin
1695 255 1797 291 sece-

1022 308 1124 346 runt‚
1152 305 1192 337 ut
1209 301 1367 342 aestimo,
1391 300 1487 337 sicut
1507 301 1545 337 iu
1566 307 1674 338 nocte
1696 303 1796 338 sece-

1023 354 1120 393 rant‚
1136 351 1297 384 vinetum
1319 348 1555 384 addua-erant
1573 360 1665 392 eum,
1687 360 1709 385 a
1730 349 1796 384 do-

1024 407 1083 431 mo
1123 397 1272 442 Caiphae
1307 394 1516 439 Pontificis,
1551 396 1599 431 ad
1641 397 1796 432 domum

1026 443 1133 479 Pilati
1169 441 1342 478 Praesidis
1370 443 1549 478 Romanae
1585 442 1796 488 potestatis,

1024 490 1071 525 ad
1088 500 1199 535 quem
1227 488 1634 536 pertinebatjudieium
1654 489 1692 525 in
1714 500 1800 526 cau-

1023 548 1064 572 sa
1086 536 1294 583 sanguinis,
1312 540 1351 571 ut
1373 535 1514 572 scilicet
1535 535 1655 572 Pilato
1677 540 1799 572 totum

1024 584 1297 629 imponeretur,
1320 587 1357 619 et
1377 582 1446 628 ipsi
1469 583 1656 619 immunes
1683 594 1799 628 repu-

1024 634 1209 667 tarentur.
1244 631 1505 672 Adducam-unt,
1528 629 1699 677 inquam,
1720 641 1800 666 eum

1023 680 1199 721 vinctum,
1228 677 1370 713 seilicet
1403 678 1576 713 manibus
1600 680 1685 724 post
1714 681 1799 714 ter-

1024 735 1112 770 gum
1134 724 1272 771 ligatis,
1303 729 1339 760 et
1366 735 1449 760 cum
1472 723 1598 760 multis
1627 723 1800 760 convitiis

1024 783 1066 807 ac
1085 771 1342 814 contumeliis3
1373 775 1410 807 et
1444 771 1580 808 dicitur
1606 775 1740 808 catena
1759 771 1800 807 iu

1025 819 1119 854 collo
1146 819 1225 864 ejus
1246 818 1381 864 posita,
1404 829 1486 864 quae
1509 822 1639 865 postea
1672 825 1798 855 osten-

1025 866 1186 901 debatur
1204 865 1241 901 in
1262 865 1472 902 Jerusalem
1498 865 1708 912 peregrinis
1729 876 1798 912 pro

1024 912 1225 948 devotione
1241 914 1462 958 magna,qui
1477 917 1513 948 et
1526 912 1596 958 ipsi
1606 914 1802 949 submitte-

1024 959 1161 996 bantin
1179 970 1223 995 ea
1240 960 1335 995 colla
1351 970 1431 995 sua.
1443 959 1575 1005 Cogita
1588 970 1795 1004 nunc‚cum

1026 1010 1164 1052 quanto
1206 1006 1408 1052 opprobrio
1447 1006 1615 1043 Christus
1645 1007 1797 1043 ducitur

1026 1065 1091 1099 per
1112 1053 1274 1089 medium
1292 1053 1452 1089 civitatis
1472 1054 1696 1097 Jerusalem,
1710 1065 1797 1090 con-

1024 1100 1243 1136 vitiantibus
1256 1100 1489 1147 principibus
1504 1102 1740 1137 sacerdotum
1761 1104 1798 1137 et

1026 1147 1241 1191 pharisaeis,
1279 1153 1391 1194 atque
1423 1147 1636 1185 dicentibus
1665 1161 1675 1184 :
1704 1147 1798 1184 Veni

1026 1195 1221 1230 nobiscum
1241 1196 1350 1239 latro,
1381 1199 1418 1231 et
1439 1196 1619 1242 deceptor
1653 1195 1795 1242 populi.

1025 1253 1123 1278 nunc
1149 1245 1212 1278 tua
1236 1242 1425 1278 maleficia
1456 1243 1571 1278 tinem
1604 1243 1799 1279 habebunt

1025 1289 1063 1324 in
1085 1289 1198 1325 brevi.
1220 1290 1414 1325 Horrenda
1433 1300 1588 1335 prorsus
1607 1289 1797 1336 impietas,

1026 1347 1109 1382 quae
1129 1335 1403 1382 tantisinjuriis
1421 1336 1550 1373 satiari
1571 1348 1647 1373 non
1660 1336 1797 1383 potuit,

1024 1383 1114 1428 quin
1134 1383 1258 1429 polius
1280 1383 1385 1419 ferali
1408 1383 1511 1420 rabie
1532 1385 1711 1429 fremens,
1732 1385 1797 1419 im-

1023 1430 1084 1476 pio
1100 1430 1232 1476 judici,
1248 1436 1439 1476 tamquam
1452 1430 1583 1467 rabido
1605 1430 1702 1475 cani,
1718 1430 1799 1467 ani-

1025 1488 1125 1513 mam
1142 1478 1232 1523 justi
1258 1478 1541 1523 deglutiendam
1562 1478 1746 1524 exposuit.

1072 1528 1091 1567 4
1114 1526 1338 1560 DESPERATIO
1360 1537 1401 1560 ET
1422 1537 1514 1561 mons
1535 1537 1683 1561 PESSIMA
1700 1537 1796 1562 Pno-

1024 1583 1177 1607 mToms.
1208 1593 1252 1598 -—
1288 1574 1384 1608 Tunc
1414 1573 1541 1608 videns
1573 1573 1703 1615 Judas,
1731 1572 1796 1619 qui

1025 1629 1109 1655 eum
1136 1618 1302 1663 tradidit,
1337 1621 1434 1665 quod
1464 1621 1575 1656 Jesus
1600 1620 1797 1656 damnatus

1024 1670 1128 1710 esset,
1159 1666 1316 1702 concilio
1340 1667 1577 1703 sacerdotum
1609 1671 1644 1703 et
1670 1667 1796 1703 senio-

1024 1724 1121 1757 rum,
1144 1713 1180 1748 id
1200 1717 1256 1749 est
1276 1713 1510 1750 damnationi
1535 1717 1573 1750 et
1600 1714 1709 1750 morti
1729 1715 1796 1750 ad-

1019 1760 1237 1804 judicatus3
1261 1762 1493 1797 consuetudo
1514 1761 1614 1797 enim
1632 1765 1714 1797 erat
1735 1763 1798 1798 Ju-

1024 1808 1205 1848 daeorum,
1230 1811 1270 1844 ut
1287 1818 1398 1854 quem
1419 1819 1525 1844 reum
1548 1808 1679 1845 mortis
1693 1809 1794 1855 judi-

1022 1858 1185 1898 cassent,
1198 1856 1363 1890 vinctum
1378 1855 1746 1901 Praesiditraderent‚
1756 1860 1798 1893 ut

1022 1902 1111 1938 dum
1131 1911 1270 1948 praeses
1288 1904 1455 1938 vinctum
1488 1906 1649 1947 teneret,
1680 1904 1795 1940 morti

1023 1949 1215 1985 addictum
1231 1949 1458 1995 intelligeret
1470 1962 1480 1994 3
1493 1952 1709 1996 poenitentia
1730 1951 1796 1986 du-

1023 2001 1114 2040 ctus,
1150 1996 1384 2033 infructuosa
1412 2000 1555 2042 tamen,
1593 1997 1682 2043 quia
1711 1997 1794 2034 sine

1022 2054 1086 2090 spe
1108 2043 1227 2079 veniae
1249 2049 1342 2088 erat,
1364 2046 1491 2080 retulit
1514 2045 1691 2091 pretium,
1714 2044 1795 2081 sci—

1022 2090 1109 2126 licet
1143 2093 1299 2135 triyinta
1332 2095 1531 2136 arpent-eos,
1564 2093 1796 2138 principibus

1022 2139 1248 2174 sacerdotum
1263 2142 1296 2174 et
1314 2139 1665 2186 senioribuspopuli,
1682 2150 1704 2176 a
1718 2139 1797 2185 qui-

1024 2186 1091 2221 bus
1116 2185 1213 2221 male
1235 2196 1298 2221 eos
1314 2190 1523 2232 acceperat,
1547 2186 1655 2232 quasi
1676 2188 1712 2222 in
1729 2197 1796 2224 sua

1020 2236 1207 2278 potestate
1225 2238 1322 2268 esset
1342 2237 1628 2279 persecutorum
1645 2237 1796 2270 senten-

1021 2281 1113 2315 tiam
1133 2283 1292 2324 mutare,
1315 2284 1352 2316 et
1383 2281 1487 2326 quasi
1509 2281 1644 2316 eodem
1669 2282 1792 2327 pretio

1021 2337 1096 2373 quo
1124 2327 1311 2363 Christum
1341 2327 1543 2363 Dominum
1571 2328 1794 2364 vendiderat

1020 2378 1148 2420 posset
1186 2385 1271 2410 eum
1310 2374 1509 2410 redimere.
1551 2374 1656 2411 Multi
1691 2375 1793 2411 enim

1020 2424 1177 2466 possunt
1194 2420 1303 2457 alicui
1328 2422 1427 2457 mala
1449 2423 1688 2467 persuadere,
1706 2433 1793 2468 quae

1018 2472 1143 2504 tamen
1166 2469 1382 2514 paenitentia
1396 2469 1591 2515 ductipost
1610 2480 1686 2505 non
1707 2473 1790 2515 pot-

1018 2519 1154 2551 uerunt
1195 2515 1415 2552 dissuadere
1435 2544 1444 2560 ,
1480 2517 1538 2552 vel
1574 2515 1613 2552 in
1651 2516 1792 2552 bonum

1018 2565 1247 2598 convertere.
1278 2562 1313 2598 Si
1348 2574 1437 2609 ergo
1473 2564 1590 2599 Judas
1621 2563 1792 2599 restituit

1019 2609 1215 2655 pecuniam
1240 2610 1337 2645 male
1367 2609 1606 2656 acquisitam,
1629 2620 1793 2655 quomo·

1018 2657 1063 2692 do
1091 2657 1284 2692 usurarius
1308 2661 1411 2693 tenet
1431 2667 1599 2699 usuram,
1618 2657 1793 2703 et‘sissmor-

1016 2703 1146 2739 niacus
1189 2704 1446 2750 praebendam,
1469 2704 1527 2740 vel
1564 2701 1792 2750 quicumdue

1014 2755 1095 2786 rem
1116 2750 1313 2787 alienam?
1331 2751 1520 2788 Credibile
1537 2755 1595 2787 est
1607 2751 1724 2797 quod,
1741 2751 1793 2788 la-

1014 2801 1053 2834 ta
1079 2799 1266 2835 sententia
1286 2801 1420 2835 contra
1439 2797 1642 2844 Christum,
1657 2797 1711 2834 illi
1725 2797 1791 2846 qui
